3176 5060
649 317 871 374 -33-

442 505 471 574 a)
491 504 655 574 Tribrachye
673 509 699 559 et
716 505 849 574 spondeas
867 503 898 559 ίπ
915 522 970 560 uno
988 523 1075 560 υονου.

288 611 371 681 Sept.
391 613 457 668 154:
477 607 559 666 πόλιν
576 611 727 681 δορίπονον
745 606 784 680 μὴ
802 607 929 683 προδῶθ’

494 707 542 736 υ-
600 693 678 735 odo
755 729 774 737 ..
840 695 866 735 u'

198 772 321 826 Versum
340 771 394 825 hac
413 772 507 842 specie
526 769 659 825 indutum
683 788 743 826 esse
763 788 799 826 ex
817 772 1025 842 simplicissima
1043 771 1178 842 strophae
1197 772 1320 844 descrip-

198 861 277 913 tione
296 859 437 931 sequitur:

410 973 429 1000 υ
440 993 459 1002 -
470 971 489 998 υ
501 979 536 1000 s.
548 992 567 1001 -
577 972 597 1000 υ
608 993 626 1002 -
645 940 679 1001 id
698 955 849 1018 παναρκεῖς
865 947 930 1002 θεοί

411 1061 429 1088 o
441 1081 459 1090 -
470 1061 489 1089 υ
500 1068 535 1088 s.
548 1081 566 1090 -
577 1061 596 1088 υ
608 1068 642 1088 s-
655 1081 673 1090 -
684 1061 703 1088 υ
714 1081 733 1089 -
751 1032 784 1089 ἰῶ
804 1033 912 1100 τέλειοι,
932 1033 1035 1090 τέλειαί
1051 1053 1083 1090 τε
1101 1040 1152 1106 γᾶς

446 1169 464 1178 -
475 1149 494 1176 υ
505 1156 540 1176 s.
552 1135 571 1176 c
581 1149 600 1176 o
611 1149 630 1176 υ
642 1140 660 1176 s
677 1125 759 1187 τᾶςδε
777 1121 993 1194 πυργοφύλακες

409 1238 428 1266 υ
439 1259 458 1267 -
468 1238 488 1265 υ
499 1225 518 1265 ο
528 1238 547 1265 υ
559 1230 577 1266 ῡ
587 1259 606 1267 -
617 1238 636 1265 o
648 1258 665 1266 -
684 1209 766 1268 πόλιν
785 1214 877 1283 δοριπ.
895 1231 924 1282 μ.
944 1231 990 1282 πρ.

196 1303 298 1374 Neque
316 1320 383 1357 vero
402 1301 437 1357 de
457 1303 615 1358 Hermanni
635 1302 896 1373 circumscriptione
915 1302 991 1357 idem
1010 1307 1105 1374 potest
1124 1302 1193 1358 dici:

445 1417 464 1444 υ
475 1437 493 1446 -
505 1417 523 1446 υ
535 1424 570 1445 s.
583 1437 601 1446 -
612 1418 631 1444 υ
642 1437 660 1446 -
679 1385 712 1446 cd
732 1394 882 1455 παναλκεϊς
899 1391 963 1446 θεοί

338 1505 766 1534 o-os.-os.-os--o-
784 1473 818 1534 ἰῶ
837 1483 892 1536 sel.
911 1483 965 1534 τελ.
985 1497 1016 1534 τε
1034 1499 1059 1550 y.
1078 1482 1160 1544 τᾶςδε
1178 1497 1207 1536 π.

339 1581 713 1622 ύυυ-υ-υύυῦ-υ-
732 1586 798 1637 γθφ.
817 1571 879 1624 πολ.
900 1571 958 1638 dvo.
977 1588 1006 1636 μ.
1025 1585 1072 1640 πρ.

197 1658 256 1727 ubi,
275 1657 417 1730 quomodo
435 1659 538 1712 tertius
550 1674 647 1712 versus
660 1657 847 1727 explicandus
866 1659 911 1724 sit,
931 1658 1073 1727 haesito.¹)
1109 1657 1204 1712 Multo
1217 1659 1319 1713 melius

196 1749 227 1802 in
250 1747 358 1802 tradita
380 1747 571 1818 descriptione
594 1745 696 1801 ultimo
720 1764 804 1802 versu
826 1747 965 1801 iambicus
988 1747 1140 1816 rhythmus
1168 1747 1319 1819 excipitur,

197 1854 261 1892 cum
286 1853 385 1908 preces
412 1837 491 1907 ipsae
518 1837 714 1907 proferantur:
743 1836 851 1904 „nolite
875 1836 976 1890 urbem
999 1853 1050 1907 per
1073 1835 1170 1890 hastas
1194 1836 1319 1891 hostium

196 1941 359 1997 oppressam
379 1925 525 1997 prodere,“
546 1923 595 1978 ubi
613 1924 753 1978 iambicus
771 1925 932 1993 rhythmus,
957 1925 1063 1994 quippe
1083 1925 1133 1992 qui
1152 1940 1169 1976 a
1187 1924 1244 1978 levi
1263 1924 1319 1994 syl·

196 2014 264 2069 laba
282 2015 410 2086 incipiat,
429 2014 517 2068 verba
536 2014 623 2068 altius
637 2015 728 2082 effert,
747 2031 832 2084 qnam
852 2030 902 2085 per
921 2013 1071 2068 trochaeos
1087 2013 1149 2068 fieri
1167 2014 1270 2085 potuit.
1283 2036 1319 2064 ω

197 2107 265 2161 1612
283 2103 403 2171 μίλεσθε
422 2099 447 2157 δ’
466 2100 549 2175 ἱερῶν
567 2103 681 2172 δημίων.

286 2193 367 2262 Sept.
388 2195 454 2248 7372
474 2192 588 2263 σπείρας
606 2182 737 2263 ἄρουραν,
755 2185 791 2244 ἵν’
810 2186 924 2262 ἐτράφη.
957 2192 1044 2246 Hunc
1057 2208 1170 2246 versum
1184 2191 1319 2247 Wilamo·

614 2288 632 2315 o
662 2308 679 2316 -
697 2288 716 2315 υ
760 2274 779 2315 ο
806 2287 826 2315 o
860 2287 879 2314 υ
897 2307 915 2316 -

196 2353 331 2424 witziusl)
346 2370 412 2408 eum
424 2357 561 2423 sequente
580 2353 765 2407 coniunctum
783 2351 935 2405 dimetrum
954 2350 1108 2405 iambicum
1121 2352 1155 2420 -ί-
1169 2351 1319 2422 pherecra-

195 2449 275 2497 teum
298 2443 427 2496 nominat
445 2473 478 2481 —
499 2441 546 2496 hic
568 2441 656 2511 igitur
679 2441 896 2509 pherecrateum
919 2456 975 2492 non
999 2439 1121 2508 respuit,
1145 2453 1210 2492 cum
1233 2445 1319 2493 antea

195 2531 349 2585 iambicum
368 2531 574 2585 anaclomenon
593 2529 771 2597 statuissem)
784 2550 820 2579 ω
834 2529 885 2582 745
904 2519 1008 2594 μεταξὺ
1028 2521 1052 2579 δ’
1065 2519 1153 2579 ἀλκὰν
1165 2520 1201 2580 δι’
1214 2521 1318 2596 ὀλίγον.

195 2621 255 2675 Alii
274 2619 361 2691 pedes
379 2620 426 2675 hic
441 2620 554 2674 obviam
568 2618 654 2672 fiunt:
674 2635 725 2688 pro
744 2616 871 2688 spondeo
890 2633 978 2687 purus
996 2615 1108 2671 iambus
1127 2616 1247 2685 exstitit,
1266 2633 1318 2687 pro
1389 2651 1393 2660 ·

195 2709 341 2764 tribracho
365 2709 510 2779 dactylus,
533 2708 562 2763 id
586 2707 663 2778 quod
686 2705 927 2774 Heimsoethius⁴)
950 2704 1057 2760 delevit
1085 2705 1224 2760 scribens:
1248 2699 1319 2759 δίκα

194 2793 299 2866 μεταξὺ
318 2796 353 2852 δι’
373 2792 396 2853 ὁ.

285 2888 477 2958 8115555423
500 2889 623 2954 λειμῶνα
639 2882 834 2955 χιονόβοσκον,
852 2875 918 2940 b'vt'.
960 2884 1004 2938 De
1028 2901 1111 2938 versu
1135 2888 1164 2940 et
1188 2885 1241 2952 eis,
1268 2885 1317 2954 qui

654 2969 699 3010 ῶυ
710 2983 729 3010 υ
744 3003 763 3011 -
798 2982 817 3010 υ

193 3055 355 3120 sequuntur
373 3047 515 3119 quomodo
534 3048 641 3119 optime
661 3045 816 3101 definiendi
835 3045 996 3112 videantur,
1014 3044 1071 3099 iam
1091 3059 1156 3115 pag.
1176 3045 1210 3098 32
1229 3061 1317 3098 anno-

194 3139 326 3193 tavimus.
349 3160 385 3190 m
407 3139 475 3194 sto:
502 3131 589 3208 βοτὸν
611 3133 764 3207 ἐσορῶντες
786 3131 929 3204 δυσχερές,
953 3134 1004 3188 ubi
1027 3135 1132 3188 iterum
1156 3133 1207 3187 alii
1230 3133 1317 3205 pedes

193 3235 283 3298 atque
300 3227 331 3282 in
350 3227 468 3297 stropha
486 3242 504 3279 a
521 3231 608 3296 poeta
627 3225 750 3279 adhibiti
769 3230 848 3291 sunt,
871 3239 964 3292 neque
983 3239 1051 3276 vero
1070 3222 1141 3276 haec
1161 3229 1317 3287 causaest,

193 3335 246 3372 cur
265 3334 329 3372 cum
342 3316 541 3371 Heimsoethio
561 3308 687 3385 (βόσκημ’
701 3310 824 3383 δπόχαρι
843 3308 984 3382 δυσχερές)
997 3313 1043 3364 vel
1057 3311 1222 3380 Hartungio
1236 3308 1318 3378 (σῶμ’

193 3405 358 3476 είσορῶντες
376 3403 515 3475 δυσχερές)
534 3404 580 3458 vel
599 3404 766 3457 Hermanno
789 3393 886 3471 (βοτὸν
903 3396 1039 3468 κακόχαρι
1061 3397 1202 3469 δυσχερές)
1227 3405 1317 3452 mute·

194 3512 265 3550 mus.
307 3495 378 3549 Jure
403 3494 510 3564 optimo
533 3494 664 3562 Engerus
692 3497 721 3546 et
744 3490 863 3544 Krusius
886 3506 999 3544 versum
1022 3487 1226 3556 defenderunt,
1250 3505 1317 3542 nam

193 3585 269 3639 ictus
292 3584 321 3637 in
343 3583 445 3638 ultima
464 3588 595 3653 correpta
613 3580 726 3651 syllaba
744 3581 788 3634 his
807 3584 960 3634 excusatur
979 3577 1129 3648 exemplis:
1153 3577 1235 3631 Eum.
1257 3578 1317 3645 161,

193 3675 274 3744 Sept.
293 3673 354 3742 936,
373 3671 472 3743 Suppl.
493 3672 551 3726 782.

284 3763 390 3832 suppl.
411 3763 477 3817 7722
497 3755 554 3828 ίυζε
573 3757 597 3814 δ’
613 3753 707 3828 ὀμφὰν
719 3755 835 3831 οὐράνια
850 3780 885 3810 ω
904 3758 972 3814 7802
991 3753 1072 3826 γένος
1089 3748 1143 3825 γὰρ
1162 3751 1317 3823 Αίγύπτιον

194 3841 284 3924 ὕβριν.
322 3850 439 3905 Scilicet
457 3851 545 3904 etiam
562 3849 610 3903 hic
629 3865 726 3903 versus
744 3848 906 3918 strophicus
925 3844 1116 3916 responsionis
1135 3859 1237 3897 causae
1257 3860 1317 3896 mu·

194 3941 354 3996 rationibus
372 3939 441 3994 satis
460 3939 583 3993 donatus
602 3939 686 4008 estl),
709 3937 759 3991 sed
782 3938 843 4008 ipse
862 3935 1024 4004 tribrachys
1043 3934 1072 3986 in
1091 3932 1179 3987 verbo
1199 3918 1316 4002 odpdvlci

286 4085 312 4153 1)
330 4089 427 4137 utrum
440 4081 562 4136 creticus
571 4082 606 4150 ί-
615 4080 682 4134 dim.
696 4079 791 4147 lamb,
805 4095 841 4132 an
855 4077 991 4144 trochaei,
1007 4091 1043 4128 an
1056 4073 1205 4128 dochmius
1215 4075 1249 4142 ΛΓ
1260 4073 1316 4127 duo

194 4164 294 4220 cretici
314 4166 341 4233 (o
353 4174 372 4215 c
383 4188 402 4215 υ
413 4207 431 4216 -
443 4187 461 4214 o
473 4207 490 4215 -
507 4164 511 4229 Ι
526 4172 575 4213 ου
586 4186 604 4214 o
615 4206 634 4214 -
651 4164 654 4230 Ι
670 4204 688 4213 -
699 4185 718 4211 υ
730 4161 758 4228 -)
777 4155 937 4229 accipiendi
956 4156 1021 4223 sint,
1040 4154 1145 4208 nescio.
1165 4185 1198 4194 -
1219 4155 1245 4222 2)
1264 4154 1283 4208 l.
1297 4153 1316 4209 l.

194 4261 260 4315 pag.
273 4243 316 4297 27.
337 4273 369 4282 -
390 4241 415 4310 3)
435 4241 470 4296 cf.
486 4257 551 4310 pag.
566 4241 607 4294 ll.
628 4271 661 4280 -
680 4240 707 4308 4)
727 4237 870 4294 Wiederh.
886 4252 950 4306 pag.
965 4236 1024 4288 265.
1039 4264 1073 4272 -
1092 4234 1118 4300 5)
1137 4233 1315 4287 Dindorfius:

195 4318 318 4395 ripariae,
337 4322 486 4392 Peiperus:
507 4314 613 4391 οὐρίαν,
628 4317 829 4373 Oberdickius:
849 4309 969 4387 οὐρανῷ,
982 4311 1189 4368 Weckleinius:
1208 4309 1316 4382 ὀρθίαν.

249 4422 365 4471 rreum,
380 4421 414 4460 Da
428 4421 543 4460 Veratrum
557 4422 600 4458 etc.
1140 4401 1155 4454 3
