3176 5060
637 298 859 356 ...31-

278 467 384 538 suppl.
403 469 453 524 582
474 465 640 540 κιρκηλάτας
658 462 783 537 ἀηδόνος.
821 469 871 526 M:
888 465 1055 540 κιρκηλάτου
1066 463 1090 523 τ’
1104 463 1239 539 οἷηδονῆς,·
1257 471 1311 526 hoc

186 555 347 624 Turnebus,
365 555 439 610 illud
457 558 641 611 Hermannus
660 554 793 612 correxit.
811 579 847 608 cx>
866 559 910 613 63.

278 646 383 715 Suppl.
403 647 471 702 758:
486 636 502 712 ἢ
520 640 615 710 λισσὰς
629 643 737 716 αἰγίλιψ
750 641 858 717 ἀπρόσ-ξ
877 647 1011 716 (δεικτος).
1043 646 1184 701 Christius
1191 650 1211 717 1)
1224 649 1312 703 verba

185 733 253 788 inde
272 732 309 787 ab
328 723 345 802 ἢ
363 751 453 804 usque
477 734 514 788 ad
536 733 641 806 κρέμυς
663 752 721 789 uno
745 741 844 789 tenore
868 734 967 805 legit⁸j
991 741 1020 788 et
1043 741 1109 805 post
1131 735 1311 807 particulam,

187 839 260 892 quae
279 824 425 877 anacrusis
443 824 489 892 sit,
508 824 674 893 rhythmum
694 824 871 878 trochaicum
890 825 1016 894 incipere
1036 824 1136 878 voluit.
1173 824 1239 893 Sed,
1258 826 1312 880 etsi

186 911 311 966 arridere
331 912 417 966 alicui
436 919 532 984 potest
550 913 622 968 haec
636 915 733 983 opinio
746 913 781 968 de
795 913 936 981 anacrusi,
956 930 1013 983 qua
1025 915 1113 968 animi
1132 913 1311 968 audientium

185 1007 393 1070 praeparentur
400 1003 428 1071 5γ,
447 1007 544 1056 tamen
563 1003 641 1056 cauti
660 1019 719 1056 esse
740 1003 832 1056 critici
851 1003 994 1070 existimo,
1013 1003 1164 1057 anacrusin
1183 1003 1213 1056 in
1228 1019 1311 1057 versu

184 1088 309 1144 iambico
332 1090 410 1143 haud
437 1091 576 1145 ambabus
603 1091 735 1145 manibus
758 1092 897 1162 accipere.
939 1091 1013 1144 Nam
1037 1092 1060 1144 si
1083 1091 1131 1145 hic
1160 1093 1310 1146 anacrusin

184 1179 346 1247 statuimus,
365 1179 471 1250 ubique
491 1196 554 1233 eam
572 1179 708 1250 amplecti
726 1180 804 1248 licet,
822 1179 940 1248 donec⁴l
959 1197 1057 1234 omnes
1075 1180 1164 1234 iambi
1183 1180 1327 1235 trochaei·

184 1268 318 1321 anacrusi
336 1267 459 1338 praediti
478 1269 667 1338 explicentur.
705 1269 854 1334 Quaenam
873 1275 970 1322 autern
982 1269 1056 1322 ratio
1069 1269 1145 1322 inter
1157 1275 1310 1340 utrumque

184 1374 277 1426 genus
295 1358 325 1411 in
344 1364 472 1412 veterum
491 1359 571 1429 poesi
588 1358 759 1426 intercedat,
778 1375 864 1428 pagg.
884 1359 930 1427 516
949 1357 1139 1412 disseruimus.
1158 1379 1195 1409 ω
1213 1361 1276 1414 766.

347 1482 372 1552 b)
394 1484 480 1538 altero
496 1484 562 1553 pede
580 1483 723 1554 spondeus
741 1500 799 1536 non
819 1483 951 1549 occurrit,
971 1499 1044 1553 quae
1064 1499 1150 1537 causa
1168 1483 1236 1551 fuit,
1260 1500 1311 1537 cur

276 1588 330 1645 ch.
348 1590 417 1645 3742
441 1584 595 1658 ἐφυμνῆσαι
614 1586 724 1659 γένοιτό
742 1608 791 1657 μοι
815 1606 872 1644 non
897 1591 927 1643 in
951 1590 1137 1644 dimetrorum
1161 1607 1310 1644 numerum

184 1678 343 1746 asciverim,
362 1678 460 1732 sedin
479 1680 717 1750 pentapodiarum
736 1680 990 1750 syncopatarum.⁶)

639 1809 661 1875 c)
684 1807 764 1861 lertio
780 1807 854 1876 pede.

258 1913 342 1967 Pera.
355 1911 424 1968 2782
444 1906 494 1979 ἴυζ’
509 1929 636 1979 ααοτμον
649 1910 744 1976 δαΐοις.
775 1913 925 1966 Traditum
939 1918 993 1966 est:
1014 1906 1072 1980 ίϋζε
1087 1902 1215 1978 ἄποτμον
1227 1909 1306 1982 βοάν,

185 2017 268 2054 versu
287 1998 478 2071 respondente
497 2001 564 2056 284:
583 2000 699 2069 στυγναί
716 1994 741 2069 γ’
760 1994 869 2068 Ἀθῆναι
888 1997 983 2063 δαΐοις.
1020 2001 1115 2054 Possis
1132 2017 1199 2056 vero
1212 2017 1309 2054 versus

185 2105 354 2159 exaequare,
378 2090 401 2142 si
420 2087 492 2170 legis
511 2090 625 2158 στυγναί
643 2085 667 2159 γ’
687 2085 796 2157 Ἀθῆναι
816 2087 901 2163 δᾴοις,
921 2091 1018 2160 itaque
1038 2089 1190 2144 dimetrum
1209 2090 1310 2145 iambi·

184 2193 250 2231 cum
278 2184 466 2248 syncopatum
497 2179 603 2249 accipis
625 2205 644 2233 υ
657 2205 705 2234 ,ο
718 2211 752 2232 ι-
765 2196 856 2248 -ῡ-,
889 2180 977 2233 talem
1009 2185 1106 2234 autem
1134 2197 1246 2234 versum
1279 2181 1309 2234 in

185 2267 330 2336 Aeschylo
354 2268 461 2321 frustra
484 2283 615 2337 quaeres,
641 2268 718 2338 quod
741 2267 809 2322 inde
833 2269 972 2338 originem
995 2268 1088 2337 ducit,
1112 2269 1189 2340 quod
1211 2286 1309 2323 versus

185 2353 305 2426 pessime
329 2363 412 2410 sonat
435 2363 552 2428 propter
575 2356 733 2427 spondeum
757 2359 787 2412 in
811 2363 913 2428 quarto
937 2357 1017 2427 pede.
1060 2357 1196 2412 Censeam
1219 2358 1308 2427 igitur

185 2462 250 2499 curn
269 2445 449 2512 Hermanno,
472 2446 503 2499 in
525 2446 643 2516 stropha
666 2447 762 2516 potius
781 2447 883 2500 vitium
901 2446 1006 2514 latere,
1030 2452 1058 2500 et
1077 2441 1308 2516 praeferantur

183 2525 314 2601 ἄποτμον
332 2531 420 2598 δαΐοις
437 2539 553 2607 recepto
571 2535 622 2589 illo
641 2531 737 2599 δαΐοις,
756 2535 833 2605 quod
852 2553 877 2589 v.
897 2535 950 2589 280
969 2535 1081 2605 legitur.
1104 2566 1136 2574 -
1156 2533 1306 2599 Quomodo

184 2624 274 2677 ceteri
292 2641 389 2678 versus
407 2624 577 2678 restituendi
596 2625 662 2688 sint,
681 2624 745 2678 loco
765 2641 816 2678 suo
835 2623 997 2677 disseretur.

257 2713 342 2768 Eum.
360 2713 428 2769 254:
452 2705 468 2767 ὁ
487 2707 511 2765 δ’
531 2700 598 2766 αὖτέ
615 2707 641 2781 γ’
661 2701 712 2766 οὖν
730 2706 817 2766 οίλκὰν
835 2705 916 2781 ἔχων.
953 2712 1062 2767 Iterum
1085 2712 1207 2767 dimeter
1230 2713 1306 2767 inter

184 2801 332 2857 dochmios
344 2803 464 2868 exstitit,
484 2819 568 2872 quem
578 2803 771 2857 Weckleinius
790 2803 905 2857 minime
925 2803 954 2856 in
974 2803 1136 2857 trimetrum
1153 2801 1307 2856 iambicum

185 2890 315 2961 redigere
336 2891 502 2961 debebatss),
526 2909 590 2946 curn
609 2891 730 2946 dimeter
750 2893 859 2962 optima
877 2891 1043 2946 valetudine
1062 2891 1210 2960 floreretl)
1246 2891 1306 2945 Nec

184 2997 249 3035 cum
269 2981 463 3051 Hermanno⁸)
481 2981 554 3035 illud
573 2971 623 3035 οὖν
641 2999 813 3052 expungam,
833 2999 886 3036 nec
906 2998 970 3035 cum
989 2981 1167 3035 Kirchhoffio
1186 2980 1307 3050 aliisque

184 3071 249 3140 περὶ
266 3068 358 3141 βρέτει
377 3070 414 3124 ad
427 3069 579 3124 dimetrum
592 3071 756 3141 adiungam,
775 3077 809 3124 ut
826 3071 956 3126 trimeter
969 3071 1029 3139 fiat,
1048 3087 1122 3136 nam,
1141 3075 1174 3124 ut
1187 3070 1307 3124 Weilius

184 3165 263 3212 recte
286 3159 448 3225 annotavit,
476 3176 540 3213 raro
564 3159 641 3230 apud
664 3166 763 3231 poetas
787 3160 900 3213 Atticos
925 3159 1032 3214 vocalis
1059 3159 1154 3213 brevis
1181 3165 1248 3213 ante
1271 3163 1307 3229 βρ

183 3247 383 3318 producitur.⁰)

275 3336 356 3406 Sept.
371 3339 437 3393 7632
456 3332 556 3406 γάμων
567 3331 611 3390 ἐπ’
624 3327 701 3406 ἄλγει
714 3339 864 3407 δυσφορῶν
875 3358 912 3388 ω
924 3339 992 3393 7703
1010 3334 1070 3390 αἰαῖ
1080 3332 1308 3407 πικρογλώσσους

182 3419 261 3496 ἀράς.
297 3424 341 3478 De
361 3425 458 3480 Weilii
477 3430 506 3478 et
525 3424 736 3479 Wilamowitzii
744 3426 774 3495 ¹⁰)
793 3425 1033 3495 descriptionibus
1052 3426 1089 3480 cf.
1108 3442 1173 3496 pag.
1195 3427 1235 3480 17.

275 3513 357 3582 Sept.
381 3514 449 3570 947:
478 3506 511 3566 ἰώ
536 3510 583 3577 ίοί,
607 3509 758 3583 πάνδυρτε,
783 3511 817 3567 οὐ
841 3515 892 3583 (sic
916 3513 1104 3580 Ritschelius;
1133 3530 1170 3567 an
1192 3514 1306 3580 rectius,

276 3659 300 3725 1)
319 3657 403 3711 Metr.
422 3673 487 3727 pag.
508 3657 567 3710 611.
593 3687 626 3694 —
650 3657 677 3724 2)
697 3673 782 3726 quarn
805 3657 947 3710 rationem
966 3657 1053 3710 etiam
1072 3656 1306 3712 Wilamowitzius

183 3737 213 3806 (l.
233 3736 252 3791 l.
271 3753 336 3808 pag.
356 3737 400 3805 20)
423 3735 573 3807 amplexus
596 3741 647 3790 est.
677 3767 710 3776 -
739 3738 766 3806 3)
785 3737 924 3790 Christius
948 3736 1031 3790 dicit:
1062 3736 1123 3806 ,die
1148 3736 1306 3791 einfachste

183 3817 248 3885 Art,
267 3816 313 3870 die
332 3816 453 3870 Periode
472 3816 654 3884 einzuleiten,
674 3816 796 3871 bestand
814 3818 845 3870 in
863 3816 928 3870 dem
941 3817 1118 3887 Vorschlage
1139 3817 1216 3870 eines
1235 3817 1306 3870 Auf-

182 3897 304 3952 taktes.“
326 3927 360 3936 -
378 3897 406 3966 4)
425 3903 458 3950 ut
470 3898 499 3950 in
509 3896 619 3951 Weckl.
640 3928 673 3936 -
688 3896 845 3950 Zomaridis
860 3896 990 3974 editione
1004 3914 1034 3950 re
1047 3914 1114 3950 vera
1127 3896 1235 3950 factum
1254 3903 1305 3950 est.

183 4009 220 4016 -
239 3979 265 4046 5)
283 3976 319 4030 de
339 3993 395 4046 qua
413 3993 443 4030 re
463 3977 499 4030 ci.
519 3993 580 4046 cap.
599 3976 638 4029 H.
658 4008 692 4014 —
712 3979 738 4044 6)
758 3970 774 4030 ὁ
793 3971 817 4029 δ’
835 3975 902 4030 crire
921 3970 1024 4045 γουνὸν
1042 3973 1146 4042 ζάθεον
1163 3969 1203 4039 cic
1219 3971 1307 4042 ἀλκὴν

182 4048 266 4126 ἔχων.
287 4087 320 4096 -
340 4058 367 4125 7)
387 4057 422 4110 cf.
436 4056 645 4110 Rossbachium
662 4057 693 4109 in
714 4055 765 4125 ,de
778 4057 860 4110 Eum.
881 4056 1064 4110 antichoriis“
1085 4072 1149 4126 pag.
1165 4057 1210 4108 12:
1232 4073 1306 4124 „non

182 4137 261 4192 enim
279 4136 368 4190 habet
387 4137 458 4192 haec
476 4137 580 4191 forma:
599 4162 618 4189 υ
629 4181 647 4190 -
658 4161 677 4188 υ
689 4182 706 4190 -
719 4152 737 4188 c
748 4181 765 4190 -
778 4162 797 4189 υ
808 4181 827 4190 -
845 4137 875 4190 in
894 4137 1013 4190 canticis
1032 4135 1206 4190 dochmiacis
1225 4135 1306 4206 quid-

183 4233 270 4287 quam
294 4218 482 4272 offensionis.“
508 4249 542 4258 -
566 4217 593 4286 8)
613 4233 709 4287 opusc.
728 4217 785 4284 VI,
807 4233 871 4287 pag.
892 4218 935 4271 49.
960 4247 993 4255 —
1018 4217 1045 4286 9)
1064 4216 1099 4271 cf.
1120 4216 1219 4287 Suppl.
1239 4217 1304 4278 414;

182 4297 248 4366 446,
266 4297 344 4368 Sept.
366 4298 424 4352 194.
445 4329 479 4336 —
499 4299 542 4366 10)
562 4298 580 4352 l.
599 4297 619 4352 l.
638 4313 703 4368 pag.
722 4296 765 4350 28.
