3176 5060
653 282 876 340 „41-

204 467 278 521 quae
301 450 429 506 dolorem
451 452 575 508 infelicis
597 453 716 523 virginis
739 453 865 507 molliter
888 453 971 507 nobis
994 453 1031 507 ad
1055 454 1180 509 animum
1204 461 1327 509 revocet.

204 539 314 595 Eodem
326 541 410 595 modo
428 558 472 595 res
491 558 520 596 se
540 541 629 596 habet
647 544 733 597 11003
753 535 787 596 [ci
807 535 841 595 ἰὼ
859 542 971 611 λιγείας,
989 543 1039 597 ubi
1057 560 1109 614 per
1127 538 1210 612 τονὴν
1228 560 1328 598 vocem

203 629 330 683 luscinae
350 629 510 685 felicissime
530 630 674 700 depictam
692 647 752 686 esse
771 647 869 686 omnes
888 631 1020 686 sentient.

294 719 398 788 Suppl.
412 721 479 776 5103
498 721 586 774 πιθοῦ
605 737 631 773 τι
648 720 695 774 καί
714 717 788 789 γένει
807 723 855 793 σῷ.
893 719 940 775 Sic
953 721 1142 791 Lobeokius1)
1161 739 1213 792 pro
1226 721 1328 776 πείθου

204 825 235 862 τε
253 811 300 862 καί
318 807 452 878 γενέσθω.
471 832 507 862 ω
525 813 593 867 5173
613 810 721 864 νέωσον
739 799 854 882 εὔφρον’
873 803 959 865 αἶνον.

519 933 549 1004 d)
569 934 687 989 diversis
705 935 775 989 locis
794 935 825 989 in
843 951 901 988 uno
920 951 1012 989 versu.

488 1033 516 1093 o)
537 1035 564 1086 2.
584 1035 609 1086 3.
628 1034 696 1103 pede
713 1050 821 1102 syncop.
839 1050 1043 1087 oeream-

293 1131 378 1185 Pera
397 1131 464 1187 2703
485 1132 618 1198 δυσαιανῆ
635 1125 714 1200 βοάν.
746 1130 787 1184 Ut
805 1131 863 1183 iam
881 1146 946 1200 pag.
961 1131 994 1184 31
1008 1129 1139 1197 vidimus,
1153 1148 1178 1184 v.
1193 1130 1245 1184 278
1257 1127 1329 1200 βοάν

204 1217 365 1272 eiciendum
388 1218 456 1285 fuit,
481 1218 557 1289 quod
581 1219 636 1272 boc
660 1236 744 1273 versu
768 1235 833 1272 cum
853 1218 1021 1272 Hermanno
1046 1219 1226 1273 substituam.
1264 1218 1328 1284 Quo

204 1306 282 1360 facto
301 1324 397 1362 versus
418 1307 645 1397 elegantissimus
663 1307 697 1361 fit
716 1324 749 1361 ac
771 1312 888 1376 propter
912 1306 966 1360 hoc
989 1306 1151 1361 laudandus
1170 1313 1226 1375 est,
1252 1306 1328 1378 quod

203 1419 255 1472 por
274 1397 373 1464 τονάς3
391 1377 549 1467 δυσῖῆ-Ῑῖνῆ
573 1401 706 1472 querelae
730 1401 803 1455 bene
832 1400 998 1455 redduntur.
1019 1422 1055 1451 ω
1073 1400 1140 1457 2853
1168 1400 1329 1468 μεμνῆσθαί

206 1507 250 1544 τοι
269 1485 351 1560 πάρα.

294 1581 348 1645 ag.
372 1579 440 1634 0003
464 1575 602 1646 πέφανται
621 1572 645 1630 δ’
665 1573 800 1647 ἐγγόνοις.
838 1576 1032 1646 Coniecturae,
1052 1578 1158 1648 quippe
1178 1594 1250 1648 quae
1270 1594 1327 1631 non

203 1667 240 1721 ad
260 1684 320 1722 rem
338 1667 486 1721 metricam
505 1673 645 1738 spectent,
665 1667 804 1720 omittam.
823 1688 859 1717 ω
877 1667 947 1722 8773
966 1659 1149 1735 μελαμπαγὴς
1167 1663 1252 1720 πέλει.

292 1759 433 1824 sat-1612
453 1751 617 1824 ἀτολμήτων
632 1745 694 1827 Ἄρη
713 1779 748 1807 ω
766 1758 834 1813 0783
857 1757 1025 1820 δικαιωθείς,
1044 1751 1112 1810 ἐπεί.

295 1845 348 1905 (lb.
362 1848 411 1900 703
430 1841 571 1917 πατρῴων
582 1843 703 1899 δουλίαν.
734 1845 854 1898 Tradita
866 1844 966 1899 verba:
982 1841 1088 1916 πατρῴ.
1102 1841 1217 1897 δούλιον
1228 1839 1328 1912 ἐςᾶγον

203 1927 286 1988 αἶσαν
304 1952 364 1988 rem
383 1935 531 1989 metricam
550 1933 677 1988 laedunt.
714 1933 790 1989 Sane
809 1934 844 1988 de
867 1934 998 1988 iambicis
1017 1933 1064 2003 agi
1087 1949 1185 1986 omnes
1204 1932 1327 1986 editores

202 2023 419 2092 intellexerunt,
438 2024 492 2078 etsi
505 2023 613 2077 formae
631 2022 758 2077 diversae
772 2023 948 2094 prodierunt.
981 2020 1186 2088 Blomfieldius,
1206 2028 1239 2076 ut
1251 2022 1326 2076 trim.

203 2111 343 2166 iambicus
352 2112 484 2166 catalect.
494 2112 584 2180 fieret,
595 2113 717 2166 mutavit
727 2109 839 2166 δούλιον
848 2113 878 2166 in
888 2112 1013 2166 δουλίαν·
1020 2137 1039 2164 υ
1047 2157 1066 2165 -
1075 2127 1094 2163 ῡ
1102 2156 1120 2166 -
1129 2136 1148 2163 υ
1156 2156 1174 2165 -
1183 2136 1202 2163 υ
1211 2156 1228 2164 -
1237 2136 1256 2163 υ
1265 2143 1299 2162 μ
1310 2128 1328 2162 κ.)

203 2217 261 2272 Sed
280 2217 435 2289 spondeus:
459 2199 561 2290 πατρῷ
580 2212 621 2272 ων
639 2217 766 2272 indicare
785 2218 855 2271 mihi
874 2218 1000 2284 videtur,
1025 2218 1145 2272 alteram
1164 2224 1194 2271 et
1211 2218 1326 2271 tertiam

202 2306 346 2375 syllabam
364 2324 415 2377 per
433 2304 518 2374 τονήν
535 2306 748 2379 producendam
768 2324 840 2372 esse,
865 2323 939 2378 qnae
962 2307 1070 2378 species
1094 2323 1159 2360 cum
1178 2307 1327 2360 sententiis

202 2395 368 2449 felicissime
387 2396 540 2466 conspirat,
560 2412 625 2449 cum
646 2395 765 2448 chorum
783 2395 922 2464 imprimis
940 2394 995 2448 hoc
1014 2399 1133 2464 pungat,
1145 2394 1228 2482 rquod
1249 2393 1278 2447 di
1297 2410 1326 2448 se

202 2519 239 2556 ex
258 2507 379 2572 paterna
398 2501 481 2556 domo
494 2503 525 2556 in
544 2501 642 2556 domos
656 2500 764 2555 alienas
777 2500 920 2554 duxerint.
953 2501 1048 2566 Quare
1062 2482 1201 2573 πατρξυτοῗν
1214 2500 1328 2554 δουλίαν

201 2589 385 2645 scribendum
409 2598 523 2646 etcum
541 2589 717 2652 Rossbachio
732 2571 766 2644 'et
786 2589 890 2644 Weilio
914 2588 1066 2643 dimetrum
1088 2606 1165 2659 sync.
1186 2589 1327 2660 accipien-

202 2679 272 2734 dum
291 2697 350 2734 esse
370 2697 471 2735 censeo
490 2697 543 2736 nec
562 2680 742 2751 probandum
755 2679 829 2733 Otfr.
842 2679 977 2744 Muelleri
995 2696 1168 2734 mensuram:
1189 2675 1328 2752 πατρῴων

202 2764 331 2823 δούλειον
348 2765 421 2838 ἐςᾶγ.
441 2763 508 2834 αἶα,
532 2787 618 2840 quam
636 2775 714 2824 recte
734 2769 945 2838 Hermannusu
964 2776 1082 2840 propter
1101 2785 1161 2824 rem
1180 2770 1328 2822 metricam

201 2858 356 2928 vituperat.
399 2858 465 2912 Huc
489 2858 613 2924 accedit,
643 2858 720 2928 quod
743 2858 906 2929 saepissime
929 2858 958 2910 in
983 2857 1071 2912 verbo
1094 2861 1236 2929 πατρῷ-ος
1258 2854 1323 2910 τονί

202 2944 332 3000 vocalem
351 2965 374 2999 ω
393 2963 533 3018 occupare
553 2946 658 3016 solet.⁸)

293 3035 376 3106 Sept.
395 3037 447 3092 873
468 3059 503 3087 ω
522 3037 586 3093 885.
623 3036 706 3106 Sept.
726 3037 779 3091 874
797 3058 833 3088 ω
851 3037 914 3092 880.

293 3124 399 3194 Suppl.
422 3127 473 3181 003
498 3121 589 3178 ἰάπτει
608 3118 633 3179 δ’
652 3120 780 3180 ἐλπίδων,
827 3125 957 3178 Dimeter
984 3124 1136 3192 iambicus,
1165 3125 1234 3195 quin
1262 3141 1327 3179 cum

202 3213 371 3266 Hermanno
384 3212 552 3267 statuendus
570 3214 617 3280 sit,
636 3213 685 3266 vix
698 3213 825 3267 dubitari
837 3219 941 3283 potest,
960 3230 1053 3283 neque
1066 3230 1133 3267 vero
1147 3229 1212 3266 cum
1224 3213 1327 3266 Kircb·

203 3300 293 3355 hosfio
312 3307 341 3354 et
353 3301 457 3356 Weilio
477 3301 571 3355 verbis
589 3296 638 3369 ἀφ’
657 3294 778 3371 ὑψιπύρ-
798 3301 902 3354 additis
921 3301 1051 3355 trimeter
1070 3300 1256 3371 complendus
1275 3307 1326 3370 est,

203 3407 270 3445 cum
287 3389 441 3444 iambicum
459 3389 626 3460 rhythmum
645 3407 734 3460 usque
753 3390 790 3444 ad
809 3385 944 3457 ἐξοπλίζει
963 3406 1075 3444 servare
1094 3389 1180 3444 velim
1199 3406 1251 3444 nec
1270 3396 1327 3445 tro-

203 3479 316 3533 chaico:
345 3497 416 3549 -γων
443 3477 580 3542 πανώλεις
606 3482 717 3550 βροτῶν
743 3479 895 3534 interiecto
919 3496 1051 3534 numeros
1078 3479 1203 3534 turbare.
1222 3502 1258 3531 ω
1276 3481 1326 3536 073

204 3562 308 3622 ἰδέσθω
328 3563 353 3621 δ
372 3566 412 3632 τίς
430 3558 517 3639 ὓβριν.

470 3704 499 3771 β)
516 3704 544 3755 2.
565 3706 594 3754 ct
612 3703 637 3755 4.
653 3702 721 3772 pede
738 3719 843 3772 syncop.
862 3727 925 3754 vr-
937 3747 956 3755 -
968 3727 986 3754 υ
998 3733 1033 3754 ι.
1045 3747 1064 3755 -

205 3814 291 3869 quam
309 3799 429 3853 formam
448 3816 466 3852 a
484 3798 605 3853 dimetro
624 3799 750 3855 baccheo
769 3815 901 3870 separare
920 3799 1039 3853 difficile
1060 3805 1117 3867 est,
1141 3814 1229 3870 quare
1248 3797 1326 3852 baud

204 3888 366 3956 iuraverim,
385 3904 489 3954 versus,
508 3904 579 3958 quos
598 3889 756 3956 afferemus,
775 3905 805 3941 re
825 3903 893 3941 vera
911 3887 1048 3942 iambicos
1067 3903 1135 3942 ease.

295 3977 377 4046 Sept.
400 3976 468 4033 0423
495 3973 654 4046 πρόκεισαι,
676 3973 817 4040 κατακτάς
839 3977 890 4046 (sic
914 3977 1109 4040 Hermannus;
1138 3974 1220 4030 codd.
1244 3991 1327 4045 προς·

204 4065 343 4135 κείσεται).
380 4065 434 4119 Hic
456 4071 574 4136 propter
597 4064 626 4120 id
650 4066 740 4136 magis
763 4065 799 4119 ad
819 4065 973 4120 iambicum
995 4065 1122 4119 animum
1145 4063 1326 4132 attenderim,

298 4209 323 4276 1)
344 4208 380 4262 cf.
404 4209 521 4263 Aiacem
544 4224 609 4279 pag.
633 4209 685 4262 207
710 4207 853 4276 (editionis
876 4207 997 4276 tertiae).
1026 4241 1061 4247 —
1092 4207 1121 4277 2)
1142 4223 1238 4277 opusc.
1258 4206 1326 4274 VII,

206 4302 270 4358 pag.
291 4287 380 4356 53l54.
400 4319 434 4327 —
453 4289 480 4356 3)
498 4288 534 4343 cf.
554 4294 641 4358 caput
659 4287 694 4340 V.
