3176 5060
703 293 925 352 ..43-

341 485 377 514 m
396 465 463 520 3722
482 461 692 534 προβονλόπαις
709 455 832 536 ἄφερτος
850 458 925 530 ότας.

343 551 426 623 Sept.
445 555 495 610 ees
519 546 634 623 τρεπὴς
651 549 696 606 ἐπὶ
715 550 814 608 πτόλιν
832 549 951 610 διώκων.
988 554 1169 626 Quamquam
1188 573 1285 611 versus
1308 557 1377 611 iam-

253 638 333 694 bicus
353 640 461 696 medios
483 641 514 696 in
534 641 680 696 dochmios
699 643 846 698 immixtus
864 643 1055 713 suspicionem
1074 644 1183 698 nullam
1202 651 1311 713 movet,
1334 651 1377 699 ta·

252 746 317 783 men
337 729 373 783 ab
394 731 561 784 Hermanno
580 731 610 784 in
630 730 794 786 doohmium
812 732 847 800 -t
866 731 1024 786 diiambum
1042 739 1232 803 syncopatum
1251 739 1377 788 mutatus

253 823 308 871 est:
333 819 493 884 (scribendo
512 815 557 873 ἐπὶ
576 815 668 890 πόλιν)
677 822 706 889 ¹),
725 837 742 874 a
761 819 866 874 Weilio
885 821 915 874 in
934 820 1088 876 dimetrum
1107 822 1283 877 dochmium:
1307 840 1377 894 -τρε·

252 899 291 972 πῆ
305 904 351 961 ἐπὶ
369 904 571 980 πτόλινλόιοόκ.
591 905 674 964 πόδα.
712 909 751 963 At
775 908 854 964 aliud
877 909 1041 980 exemplum
1068 928 1121 981 pro
1144 911 1319 983 pentapodia
1345 913 1377 966 in

252 978 399 1052 dcchmios
417 998 525 1052 inserta
543 997 683 1068 loquitur:
702 998 770 1054 Eur.
789 998 898 1054 Phoen.
918 999 983 1053 294:
1002 1005 1165 1068 ’γονυπετεῖς
1184 993 1378 1072 ἕδραςΙπροσ-

251 1085 340 1141 πότνα)
360 1081 385 1139 o’
404 1076 474 1152 όναξ
731 1094 910 1156 γονυπεντεῖς
928 1081 1201 1159 ἕδραςλπροσπίτνιο
1221 1083 1245 1143 o'
1265 1081 1334 1155 ἄναξ

785 1169 843 1231 τόν
862 1170 1004 1230 οἴκοθεν
1022 1174 1130 1244 νόμον
1148 1175 1303 1248 σέβουσα.

786 1257 859 1334 ἔβας,
879 1253 903 1318 τό
921 1261 1015 1336 χρόνῳ
1028 1263 1032 1336 l
1043 1267 1097 1334 γᾶν
1114 1266 1242 1336 πατρίαν,
1262 1261 1296 1319 ἰώ

786 1348 895 1416 πότνια,
914 1348 984 1419 μόλε
1002 1349 1166 1424 πρόδρομος
1183 1357 1241 1408 κτλ.

552 1441 681 1510 '(ultimos
699 1458 796 1495 versus
815 1458 870 1495 see.
890 1441 1034 1496 Dindorfii
1053 1442 1282 1498 emendationem
1301 1441 1379 1512 dedi)

599 1585 626 1653 d)
647 1601 761 1654 syncope
779 1584 892 1640 diverses
906 1585 1028 1655 pedibus.

513 1692 541 1760 α)
560 1716 817 1745 υ..-υ-υα.-
849 1693 873 1745 2.
895 1695 919 1745 5.
938 1690 1012 1763 pede
1031 1707 1108 1761 sync.

340 1780 427 1850 Pers.
446 1781 513 1836 ete:
532 1783 630 1850 βοᾶτιν
648 1776 781 1833 τάλαιναν
799 1775 894 1835 αὐδάν.
931 1779 1049 1835 Scilicet
1067 1779 1164 1849 iambi,
1184 1781 1233 1851 qui
1246 1781 1377 1835 continui

252 1867 288 1922 ab
311 1869 394 1923 initio
413 1885 503 1938 usque
522 1867 559 1922 ad
578 1868 711 1922 ultimum
733 1867 835 1939 pedem
859 1873 1043 1938 percurrunt,
1066 1885 1124 1922 non
1147 1869 1377 1940 interrumpendi

251 1962 331 2025 sunt,
354 1973 407 2012 neo
426 1974 491 2011 cum
509 1957 703 2028 Hermannoi)
723 1974 774 2027 per
793 1956 957 2012 dochmium
976 1962 1005 2012 et
1024 1956 1183 2012 baccheum
1202 1958 1375 2028 expellendi.

340 2067 376 2096 ω
394 2047 461 2101 5812
480 2040 513 2100 τό
532 2049 588 2099 πᾶν
606 2040 640 2113 δὴ
659 2041 792 2100 κλύουσιν
810 2039 901 2116 ἄλγος.

341 2135 424 2205 Sept.
444 2136 512 2191 31⁰:
532 2130 572 2201 ἐή,
592 2132 656 2198 νέας
674 2152 705 2188 τε
723 2137 770 2189 καὶ
788 2131 916 2200 παλαιός.
939 2131 971 2202 ἐή
990 2135 1157 2190 Dindorfins
1176 2153 1213 2190 ex
1232 2129 1247 2189 ἓ
1264 2128 1280 2189 ἔ
1295 2153 1377 2206 repo·

251 2224 317 2291 suit,
336 2229 369 2277 ut
388 2223 563 2295 pentapodia
582 2205 641 2292 fist,
661 2241 718 2294 qua
737 2225 936 2279 emendatione
955 2226 1012 2278 iarn
1030 2242 1056 2278 y.
1079 2226 1128 2278 135
1148 2231 1178 2280 et
1196 2225 1249 2278 943
1268 2225 1312 2278 usi
1330 2243 1376 2279 su-

251 2313 344 2382 mus.³)
390 2312 504 2383 Optime
533 2317 629 2367 autern
652 2308 683 2380 ἐή
701 2337 720 2365 o
736 2329 770 2364 φ
795 2313 935 2384 producta
962 2313 1054 2367 altera
1081 2313 1193 2382 syllaba
1221 2330 1250 2367 se
1278 2313 1376 2382 habet,

253 2403 359 2472 quippe
391 2419 463 2473 quae
493 2401 645 2472 productio
674 2402 821 2472 praeclare
852 2403 1091 2458 exclamationem
1122 2401 1229 2457 doloris
1261 2403 1378 2474 plenam

251 2491 385 2557 illustret,
405 2508 492 2562 quare
512 2491 614 2544 mirum
634 2497 689 2560 est,
709 2491 786 2562 quod
805 2509 888 2546 nemo
908 2493 983 2546 hano
1002 2492 1197 2545 coniecturam
1214 2493 1245 2546 in
1264 2498 1377 2546 textum

251 2581 361 2651 recepit
379 2586 493 2650 praeter
506 2580 673 2649 Weilium.⁴)
709 2580 766 2635 Hic
786 2582 870 2649 enim,
889 2586 922 2634 ut
941 2581 971 2634 in
983 2597 1068 2634 versu
1086 2580 1289 2650 respondente:
1309 2582 1377 2637 322³

252 2664 293 2734 ἐή,
312 2671 433 2736 δυστυχῆ
452 2686 482 2722 τε
501 2665 632 2738 πράσσει,
655 2669 767 2724 iambus
789 2670 820 2723 in
843 2665 876 2737 ἐή
895 2674 938 2740 (ut
957 2687 983 2724 v.
1003 2670 1069 2723 313:
1093 2673 1158 2742 βοᾷ)
1182 2670 1263 2740 quasi
1286 2669 1377 2724 telum

252 2758 282 2810 in
301 2756 483 2826 logaoedioos
501 2757 659 2811 inmittitur
673 2763 702 2811 et
721 2757 882 2811 auditorem
901 2759 1018 2826 excitat,
1038 2758 1118 2811 cuius
1137 2775 1219 2812 aures
1238 2758 1275 2812 ab
1294 2758 1377 2812 initio

252 2846 388 2917 strophae
415 2844 591 2916 logaoediois
619 2851 649 2900 et
673 2845 823 2916 dactylicis
852 2853 982 2902 assuetae
1010 2848 1088 2902 sint:
1119 2847 1260 2916 ,feminae
1283 2848 1377 2902 victae

252 2941 377 3005 aguntur
396 2969 431 2976 —
450 2925 497 3002 ἐή]
516 2967 551 2973 -
571 2952 698 3004 omnes,
722 2941 751 2989 et
770 2942 841 2989 natu
860 2936 983 2990 minores
1002 2942 1032 2990 et
1050 2936 1196 2990 maiores.“
1217 2942 1291 2990 etv.
1311 2937 1376 2991 322:

182 3013 183 3018 ¹
252 3024 326 3092 urbi,
346 3041 411 3077 curn
430 3030 516 3094 capta
535 3030 587 3090 est,
606 3058 641 3064 —
660 3019 703 3092 ἐήῐ
724 3057 758 3063 -
778 3025 869 3078 multa
888 3026 964 3079 mala
982 3024 1126 3080 accidunt.

342 3114 424 3184 Sept.
444 3115 512 3170 98d:
532 3109 575 3178 ἰιό,
591 3115 778 3181 δαιμονῶντες
791 3106 851 3186 ἄτᾳ.
865 3109 897 3168 ἐν
908 3121 976 3169 ante
989 3104 1042 3187 ότα
1055 3114 1239 3169 Hermannus
1252 3115 1375 3169 sustulit.

341 3203 448 3274 Suppl.
467 3204 516 3259 92:
541 3202 606 3272 βίαν
624 3196 648 3256 d’
667 3192 743 3265 οότις
761 3199 905 3270 ἐξοπλίζει.
943 3204 1000 3258 Hic
1020 3202 1055 3257 de
1077 3209 1168 3257 metro
1190 3203 1272 3257 nulla
1295 3203 1377 3257 dubi·

305 3347 381 3400 trim.
401 3377 508 3384 ——
527 3348 543 3399 6
723 3346 797 3400 trim.
817 3379 924 3385 -———
943 3348 959 3400 6

306 3416 373 3470 dim.
401 3417 544 3470 —-4
722 3422 860 3488 pentap.
879 3449 924 3455 —
943 3420 959 3471 5
1014 3417 1058 3470 his
1078 3423 1173 3471 autem
1192 3415 1320 3471 versibus

306 3488 373 3542 dim.
401 3490 544 3540 —-4
723 3489 797 3542 trim.
817 3491 959 3542 ——6

252 3574 353 3622 contra
365 3585 448 3621 usum
460 3567 608 3637 vulgarem
621 3568 734 3638 legunt:
754 3570 832 3622 λιτᾶν
842 3563 865 3622 δ’
877 3562 974 3623 ἀκούει
985 3565 1039 3635 μὲν
1051 3557 1127 3631 οὔτις
1139 3568 1277 3639 (pentap.)
1291 3569 1376 3632 θεῶν,

252 3641 339 3702 τόνδ’
353 3645 523 3717 ἐπίστροφον
535 3650 623 3702 τῶνδε
637 3648 736 3718 (trim.:
755 3673 774 3699 υ
787 3681 821 3700 ι.
834 3693 852 3701 -
863 3673 882 3700 υ
893 3694 911 3702 -
922 3672 941 3700 o
954 3681 988 3700 a.
1001 3681 1036 3700 ι-
1049 3649 1085 3717 a),
1103 3665 1176 3718 quae
1189 3647 1277 3702 verbe
1289 3649 1377 3718 pessi-

252 3745 330 3781 mum
343 3727 473 3782 efficiunt
486 3744 607 3796 versum,
627 3745 711 3798 quem
725 3728 831 3782 frustra
849 3728 879 3780 in
898 3729 1042 3798 Aeschylo
1057 3745 1185 3798 quaeres,
1204 3745 1269 3782 oum
1282 3728 1376 3781 exitus

252 3809 371 3862 nimium
386 3814 480 3870 τοναῖς
497 3814 615 3862 ornatus
633 3808 678 3862 sit.
716 3808 870 3862 Praeterea
888 3808 918 3861 in
937 3809 1055 3880 stropha
1069 3809 1121 3862 365
1141 3807 1270 3862 trochaei
1289 3824 1377 3878 appa-

252 3894 325 3957 rent,
344 3886 500 3942 secundum
516 3905 586 3958 quos
605 3888 693 3942 etiam
707 3905 819 3942 versum
838 3889 1076 3958 antistrophioum
1096 3887 1295 3959 corrigendum
1315 3905 1376 3942 esee

253 3986 367 4034 censeo,
391 3984 455 4021 oum
479 3968 607 4022 trochaei
631 3968 704 4022 bene
728 3985 765 4022 ex
789 3967 890 4022 iambis
914 3969 944 4022 in
967 3968 1148 4039 logaoedioos
1166 3969 1318 4022 inducant.
1342 4000 1375 4006 -

252 4049 307 4102 His
326 4049 414 4118 igitur
436 4049 540 4116 causis,
565 4065 634 4118 quas
653 4048 845 4102 Rossbachius
869 4055 898 4103 et
917 4048 1092 4103 Schmidtius
1116 4049 1252 4116 afferunt,
1276 4053 1376 4118 penta-

253 4127 367 4198 podiam
387 4145 443 4181 non
463 4126 625 4183 defendam.
644 4162 680 4169 -
709 4129 734 4198 1)
754 4128 788 4182 cf.
809 4128 978 4196 Seidlerum,
997 4128 1016 4184 l.
1035 4129 1053 4183 l.
1073 4145 1138 4198 pag.
1159 4129 1192 4182 58
1212 4135 1241 4182 et
1262 4129 1321 4182 163.
1341 4160 1375 4165 —

253 4209 280 4278 2)
301 4209 382 4262 elem.
407 4225 471 4278 pag.
492 4209 552 4262 256.
580 4241 615 4247 -
644 4209 671 4275 3)
690 4208 801 4262 scilicet
819 4206 883 4272 νέας
906 4225 956 4278 per
980 4209 1122 4278 synizesin
1145 4207 1300 4279 legendum
1323 4214 1375 4261 est.

253 4290 294 4355 (ut
313 4289 395 4342 Eum.
414 4289 478 4342 938:
498 4289 633 4376 raucidae
650 4285 817 4358 ἐπηράτων).
838 4320 871 4327 -
891 4291 918 4357 4)
937 4288 1005 4342 edit.
1027 4289 1102 4344 1863.
