3176 5060
777 1245 899 1348 eaput
926 1243 953 1325 I.

303 1427 474 1525 Versus
496 1423 663 1544 singuli
684 1422 732 1520 in
754 1423 954 1520 ordinem
975 1421 1144 1520 redacti
1165 1424 1426 1521 tractantur.

662 1604 693 1670 I.
718 1602 761 1671 Α.
785 1602 936 1669 iambus
960 1603 1068 1669 solus.

391 1727 543 1782 Invenitur
561 1726 673 1782 iambus
692 1725 769 1780 solus
790 1731 866 1795 tum,
890 1742 956 1780 cum
978 1725 1187 1780 interiectionis
1205 1726 1268 1781 vice
1287 1726 1426 1797 fungitur,

306 1833 363 1872 non
380 1816 458 1886 alias,
477 1823 510 1871 ut

340 1969 344 1977 Ι
574 1909 600 1976 a)
620 1904 835 1959 dochmiacis
852 1903 999 1957 immixtus
1019 1904 1154 1958 occurrit:

391 1995 474 2066 Sept.
494 1995 572 2064 otu:
597 1987 631 2047 ut
648 1996 652 2064 )
668 1989 792 2066 μάκαρες
810 1982 932 2064 εὔεδροι,
956 1992 1006 2046 ubi
1030 1999 1138 2047 rectam
1161 2010 1322 2048 mensuram
1345 1993 1426 2048 adhi-

302 2081 372 2138 bent
389 2083 617 2152 Rossbachiusll,
636 2082 812 2152 christiam),
837 2081 1039 2150 Dindoriius⁴)‚
1063 2098 1129 2136 eum
1147 2083 1333 2153 Bernhardi⁶)
1356 2084 1425 2137 iam-

302 2170 381 2227 bicos
399 2178 571 2243 syncopatos
590 2189 651 2226 esse
670 2171 829 2226 contendat
846 2183 937 2223 ror-c
944 2196 1080 2225 υυυυυυ
1118 2171 1175 2227 Sed
1194 2171 1320 2226 iambum
1339 2171 1425 2227 doch·

301 2261 392 2315 miaco
410 2261 597 2332 praemissum
616 2277 676 2315 esse
694 2261 738 2330 (ut
750 2260 819 2314 Eur.
838 2260 946 2315 Phoeu.
962 2260 1027 2314 108:
1047 2257 1219 2329 indiminuta
1237 2267 1290 2314 παῖ
1305 2263 1425 2330 Λατοῦς)

301 2350 346 2405 vel
366 2368 402 2405 ex
421 2367 455 2405 eo
474 2356 610 2421 apparet,
634 2349 710 2420 quod
734 2349 798 2403 aliis
817 2349 888 2404 locis
907 2349 1040 2421 dipodiae
1059 2349 1106 2404 vel
1125 2349 1266 2420 tripediae
1285 2347 1424 2435 iambicae

301 2438 439 2494 dochmiis
458 2439 628 2494 antecedere
645 2439 765 2508 solent⁰l
785 2442 814 2492 et
833 2454 930 2509 pausa,
951 2455 1024 2508 quae
1043 2445 1109 2509 post
1128 2435 1161 2492 ἰώ
1174 2439 1252 2492 facta
1264 2444 1316 2506 est,
1334 2439 1425 2509 magis

301 2527 337 2582 ad
355 2528 584 2583 interiectionem
597 2527 727 2599 quadrat,
747 2543 832 2597 quam
852 2528 875 2580 si
894 2544 990 2581 versus
1009 2544 1067 2581 uno
1086 2532 1185 2581 tenore
1199 2526 1423 2582 continuaretur.

543 2616 573 2686 b)
591 2616 666 2670 inter
684 2615 871 2670 trochaeos
889 2614 1015 2668 iambum
1034 2614 1185 2670 habemus:

389 2707 475 2763 Pars.
498 2707 565 2762 1102
595 2699 805 2760 te..1aade.
846 2704 927 2759 Haec
950 2705 1112 2759 interiectio
1136 2722 1194 2759 non
1217 2721 1283 2759 cum
1305 2721 1425 2776 sequen·

299 2794 377 2849 tibus
396 2795 597 2866 coniungenda
616 2799 685 2860 erat,
705 2800 738 2849 ut
757 2793 914 2849 Schillerus
932 2793 1010 2861 fecit,
1031 2810 1088 2865 quo
1106 2793 1282 2864 pentapodia
1301 2794 1424 2849 iambica

300 2889 476 2938 nasceretur:
496 2879 541 2948 ὀᾶ,
559 2884 700 2956 Περσικοῦ
713 2881 929 2956 στρατεύματος.
938 2909 957 2936 c
970 2915 1004 2936 a.
1017 2929 1035 2938 -
1047 2909 1066 2936 υ
1077 2928 1095 2938 .
1107 2909 1125 2936 o
1137 2928 1155 2937 -
1167 2908 1185 2935 υ
1197 2899 1223 2952 a,
1237 2899 1304 2938 nam
1317 2900 1423 2952 versus,

301 2975 350 3045 qui
368 2975 399 3028 in
417 2975 536 3046 stropha
555 2980 632 3030 certe
651 2975 828 3046 praevalent,
848 2974 987 3029 trochaici
1006 2980 1081 3040 sunt,
1105 2975 1134 3028 in
1154 2991 1225 3044 quos
1243 2973 1355 3028 iambus
1373 2974 1423 3029 ille

300 3063 381 3133 quasi
400 3063 509 3118 fulmen
528 3063 625 3119 subito
637 3063 809 3117 immittitur.
848 3062 924 3118 Sane
936 3062 1056 3117 difficile
1076 3069 1120 3117 est
1138 3062 1229 3132 nobis,
1249 3063 1355 3133 quippe
1374 3065 1424 3133 qui

300 3153 403 3207 nostris
421 3152 595 3207 carminibus
614 3153 720 3207 assueti
738 3152 835 3221 simus,
852 3153 1014 3207 trochaicos
1028 3152 1154 3207 Graecos
1172 3168 1190 3206 a
1209 3151 1312 3206 iambis
1331 3152 1423 3206 seiun-

299 3257 376 3311 gere,
394 3258 467 3310 cum,
486 3242 660 3312 simulatque
678 3243 708 3295 iu
727 3258 784 3296 uno
798 3242 923 3296 carmine
942 3247 1096 3312 utrumque
1114 3258 1205 3312 genus
1218 3241 1340 3296 alterum
1358 3247 1423 3311 post

297 3329 422 3385 alterum
443 3331 584 3401 sequitur,
608 3348 659 3385 nos
682 3347 834 3402 pergamus
857 3330 952 3401 legere
971 3329 1044 3383 nihil
1063 3335 1197 3384 curantes
1216 3329 1309 3384 sintne
1333 3328 1422 3383 iambi

300 3435 337 3472 an
355 3419 515 3490 trochaeis)

300 3520 514 3530 ———--,--

390 3561 416 3630 1)
435 3561 465 3615 in
483 3561 612 3616 versibus
630 3559 782 3614 laudandis
802 3577 870 3615 usus
888 3578 951 3615 sum
974 3559 1101 3615 editione
1120 3558 1340 3614 Kirchhoffiana
1359 3560 1421 3630 (Be-

298 3639 350 3694 rol.
365 3640 452 3710 1880).
473 3671 507 3681 -
526 3641 553 3710 2)
566 3640 651 3695 Metr.
668 3656 733 3710 pag.
748 3641 800 3694 775
813 3639 853 3708 (id
867 3646 911 3694 est
923 3640 1057 3711 specielle
1068 3640 1175 3710 griech.
1188 3639 1273 3693 Metr.
1290 3638 1377 3709 1889).
1387 3670 1425 3688 -.

178 3765 182 3774 .
299 3720 326 3788 3)
343 3719 427 3774 Metr.
445 3720 515 3775 1874
533 3736 598 3791 pag.
611 3721 673 3774 473.
689 3751 722 3760 -
741 3721 770 3790 4)
790 3719 860 3774 edit.
880 3720 990 3774 Teubn.
1007 3721 1084 3786 1873,
1104 3719 1192 3791 praef.
1205 3735 1271 3790 pag.
1284 3719 1377 3772 XLII.
1388 3751 1421 3760 -

299 3801 326 3868 5)
345 3799 381 3853 de
393 3805 475 3854 torres
493 3800 524 3854 in
542 3799 616 3854 med.
635 3816 714 3869 ayne.
727 3817 781 3854 usu
793 3799 896 3855 Aesch.
909 3815 974 3870 pag.
988 3801 1015 3869 9)
1020 3799 1061 3853 10.
1073 3831 1106 3839 -
1117 3800 1144 3868 6)
1156 3798 1193 3852 cf.
1205 3798 1236 3852 Π
1249 3798 1284 3852 Α.
1295 3828 1328 3837 -
1343 3799 1369 3866 7)
1382 3798 1423 3853 Ut

299 3879 462 3949 exemplum
481 3895 518 3933 ex
536 3878 721 3934 multitudiue
740 3879 892 3948 eligamus:
912 3879 935 3933 si
953 3878 1128 3949 perlegimus
1140 3894 1263 3945 carmen,
1283 3875 1361 3947 quod
1374 3894 1422 3931 vo·

299 3963 381 4012 catur
401 3958 532 4028 „Tristan
551 3959 611 4013 und
629 3959 740 4014 Isolde“
761 3959 950 4029 compositum
968 3975 985 4012 a
1000 3957 1166 4014 Godofredo
1184 3957 1422 4028 argentoratensi

298 4063 325 4100 v.
339 4047 444 4102 10163:
466 4047 519 4116 „du
537 4048 575 4102 ist
593 4047 644 4101 diu
656 4047 851 4103 wrmnecliche
870 4029 931 4102 iste
947 4051 951 4116 Ι
967 4049 1055 4102 iemer
1078 4064 1115 4101 an
1134 4045 1190 4100 den
1208 4045 1276 4100 iren
1294 4045 1355 4099 tou‘
1375 4046 1421 4100 vel

298 4126 495 4182 inWolframii
507 4127 668 4194 „Parzival“
675 4146 701 4182 v.
707 4127 773 4182 245:
786 4128 933 4198 „Parsirai
943 4127 1007 4182 niht
1018 4127 1082 4182 eine
1091 4126 1148 4198 lael
1155 4124 1356 4197 gesellechche
1366 4142 1421 4179 unz

298 4222 335 4260 an
354 4206 410 4261 den
429 4213 502 4274 tac“‚
525 4207 664 4262 habemus
683 4209 774 4278 primo
792 4208 857 4262 loco
875 4209 998 4278 primum
1022 4207 1187 4277 rhythmum
1207 4204 1420 4260 ascendentem:
1465 4237 1469 4246 ·

298 4303 347 4340 xa
360 4305 409 4340 xa
421 4305 441 4340 x
453 4306 471 4341 a
484 4306 541 4352 xa,
560 4293 623 4342 tum
641 4294 738 4343 autem
757 4288 990 4344 descendentem:
1013 4307 1031 4341 a
1044 4307 1064 4342 x
1076 4306 1093 4341 ι
1106 4305 1126 4341 x
1139 4305 1157 4340 a
1170 4305 1227 4352 xm,
1247 4285 1311 4340 loco
1329 4285 1422 4341 altero

298 4367 473 4421 contrarium
492 4367 605 4423 accidit.
643 4367 700 4423 Sed
719 4369 840 4423 variatio
860 4375 1014 4424 metrorum
1033 4374 1144 4422 nostras
1163 4383 1245 4422 aures
1268 4383 1326 4420 non
1346 4365 1420 4420 serit.
