3176 5060
663 330 885 388 „43-

212 505 263 555 aut
282 499 503 570 Weckleinius¹)
523 500 649 570 amplexi
667 505 743 569 sunt,
762 517 829 555 nam
848 501 904 569 hic,
923 500 974 555 ubi
993 501 1027 556 de
1048 519 1142 570 onere,
1162 502 1238 572 quod
1251 502 1336 556 Atlas

212 589 338 643 humeris
356 596 471 661 portare
490 590 615 660 cogitur,
639 589 728 645 verba
747 590 833 656 fiunt,
857 590 1015 661 spondeum
1037 591 1109 662 pede
1128 592 1219 663 primo
1239 607 1336 645 versus

212 677 355 733 iambici
377 679 467 749 magis
485 685 586 750 aptum
605 697 665 734 esse
684 679 783 748 credo,
807 696 893 750 quam
911 681 941 734 in
961 680 1096 750 rhythmo
1115 679 1337 750 descendente.¹)

301 771 356 834 Ag.
375 769 446 823 1069
464 790 501 820 ω
518 769 600 824 1080·

302 855 407 927 Suppl.
427 857 495 913 8573
514 859 553 924 μᾶ
572 857 622 922 Γᾶ,
639 860 679 924 μᾶ
698 857 739 910 Γᾶ
755 861 843 928 βοᾶν·
860 873 879 910 c
891 881 924 918 μ,
938 882 972 918 ρ,
985 905 1003 913 -
1014 884 1070 914 υ-.
1107 857 1336 925 Animadvertas,

212 961 299 1014 quam
317 944 441 1000 feliciter
459 945 538 999 τοναί
555 947 693 1017 imprimis
711 948 740 1000 in
759 947 858 1002 littera
876 927 910 1002 α’·
925 947 1152 1002 nobisaffectum
1165 945 1335 1017 puellarum,

212 1049 286 1103 quae
305 1034 421 1087 summis
440 1033 651 1089 discriminibus
672 1042 828 1105 versantur,
847 1036 1008 1092 ostendant.
1027 1057 1064 1087 ω
1081 1036 1145 1092 867.

302 1122 408 1194 Suppl.
427 1124 494 1179 soar
514 1111 538 1176 ὦ
556 1127 593 1194 βᾶ
611 1124 668 1187 Γᾶς
685 1131 740 1178 παῖ
754 1127 809 1178 Ζεῦ
827 1142 845 1178 u
857 1157 892 1178 α.
905 1158 941 1178 r.
954 1158 989 1178 2-
1003 1170 1021 1180 -

302 1211 384 1280 Sunt,
403 1213 453 1282 qui
471 1212 518 1267 hic
537 1230 594 1267 non
613 1213 745 1282 iambico,
764 1214 813 1268 sed
827 1214 959 1269 dochmio
973 1214 1018 1269 vel
1032 1213 1082 1268 alii
1094 1213 1188 1268 versui
1201 1213 1337 1283 aspirent,

211 1307 246 1355 ut
262 1301 472 1371 Schmidtiusl),
492 1302 540 1372 qui
559 1303 710 1357 trochaeos
730 1305 850 1375 accepit,
870 1310 899 1360 et
911 1303 1140 1372 Rossbachius⁴),
1160 1303 1209 1373 qui
1229 1301 1337 1356 dehac

166 1397 174 1410 '
212 1391 307 1461 specie
326 1390 397 1445 haec
416 1389 498 1445 dicit:
529 1391 591 1460 „die
610 1392 819 1448 katalektische
838 1394 925 1449 Form
943 1393 1013 1448 lasst
1031 1393 1093 1446 sich
1112 1393 1142 1447 in
1161 1391 1216 1446 den
1235 1390 1336 1444 iambi-

213 1480 302 1533 schen
321 1479 466 1551 Strophcn
489 1479 540 1534 der
559 1481 698 1551 Tragilrer
721 1482 803 1536 nicht
826 1482 1019 1548 nachweisen,
1043 1481 1118 1537 doch
1137 1480 1207 1535 wird
1231 1480 1271 1534 sie
1295 1479 1338 1533 als

213 1568 453 1623 alloiometrische
476 1569 568 1625 Reihe
591 1570 621 1624 in
644 1570 699 1624 den
722 1570 867 1642 Strophcn
890 1571 941 1626 der
960 1571 1099 1642 Tragiker
1121 1568 1335 1640 beigemischt.“

213 1657 382 1728 confertque
401 1657 494 1713 locum
514 1659 704 1713 Eumenidum
726 1661 774 1731 (V.
793 1662 870 1730 940),
893 1666 1022 1717 nostrum
1045 1660 1160 1715 silentio
1179 1658 1336 1730 praeteriit.

213 1746 282 1815 Alii,
299 1753 333 1800 ut
350 1747 501 1817 Kruseius‚
525 1748 560 1802 de
580 1765 712 1803 mensura
730 1749 874 1804 dubitant.
912 1752 974 1821 Ego
994 1756 1091 1804 autem
1116 1767 1176 1804 rem
1194 1749 1224 1801 in
1243 1747 1337 1802 medio

213 1835 292 1889 haud
315 1835 474 1905 relinquam
501 1854 533 1891 ac
557 1837 659 1892 iambis
678 1841 843 1911 syncopatis
861 1841 988 1908 faveam,
1011 1856 1090 1904 narn,
1114 1836 1209 1908 quoad
1228 1853 1265 1891 ex
1284 1836 1337 1889 hac

213 1929 349 1995 corrupta
367 1932 449 1996 parte
468 1923 575 1981 discere
595 1944 752 1997 possumus,
772 1929 860 1983 iambi
879 1935 909 1983 et
927 1928 1053 1984 dochmii
1071 1924 1259 1996 praecedunt:
1284 1924 1335 1977 851

214 2010 273 2066 οἰοῖ
287 2008 383 2083 πάτερ,
403 2014 467 2069 854:
488 2005 607 2085 ἄραχνος
626 2010 666 2080 ὥς
683 2013 780 2087 βάδην.
800 2017 865 2072 855:
886 2006 955 2088 ὄναρ
974 2008 1042 2086 ὄναρ
1054 2012 1150 2083 μέλαν.
1170 2015 1235 2069 8563
1255 2007 1337 2067 ὀτοτσ

213 2107 300 2155 τοτοῖ.

598 2184 628 2253 b)
647 2185 810 2256 tribrachys
829 2192 858 2240 et
877 2183 952 2253 τσνή.

305 2290 407 2345 Prom.
427 2291 480 2345 678
499 2313 534 2341 ω
553 2292 614 2360 599,
632 2290 684 2346 ubi
695 2282 784 2364 Ἥρας
802 2294 985 2347 Hermannus
1004 2291 1124 2346 addidit.

620 2490 661 2556 V.
702 2491 933 2574 Pentapodia.

643 2612 677 2664 A.
699 2611 806 2666 iambi
825 2613 909 2682 puri.

305 2711 361 2774 Ag.
379 2709 446 2764 3922
466 2699 568 2776 ἄτλητα
586 2711 680 2762 τλᾶσα.
700 2703 789 2763 πολλὰ
806 2705 831 2764 δ’
851 2702 971 2763 ἔστενον.
1009 2707 1074 2774 Quo
1093 2709 1154 2762 iure
1172 2724 1269 2762 versus
1287 2724 1339 2778 per

217 2796 273 2849 vim
293 2797 322 2850 in
341 2797 502 2852 trimetrum
521 2797 693 2869 redigendus
711 2799 761 2865 sit,
785 2816 839 2869 ego
858 2816 915 2853 non
935 2798 1081 2869 intellego.
1119 2795 1337 2865 Heimsoethiil)

217 2885 393 2954 opinionem:
412 2884 471 2956 βέβ.
490 2884 547 2957 alp.
567 2889 590 2940 δ.
610 2890 672 2942 παλ.
692 2877 760 2956 ἇτλη
773 2889 783 2959 ΙΙ
797 2906 830 2941 τα
843 2891 919 2942 τλᾶσ.
939 2903 968 2943 π.
988 2889 1012 2940 δ’
1026 2879 1091 2952 ἔστ,
1110 2903 1196 2956 quam
1208 2886 1339 2954 Engerus

216 2980 246 3028 et
259 2973 407 3045 Weilius⁰)
426 2977 518 3030 secuti
537 2983 612 3044 sunt,
631 2976 815 3031 refutandam
829 2995 898 3045 esse,
917 2994 982 3031 cum
995 2993 1108 3031 versum
1120 2974 1339 3030 antecedentem

217 3063 327 3130 turbet,
351 3082 376 3117 v.
396 3065 447 3119 391
467 3064 636 3120 videbimus.
654 3088 690 3118 ω
708 3067 776 3122 4083
798 3065 918 3136 βέβακεν
936 3055 1003 3134 ὄψις
1020 3058 1054 3120 οὐ
1072 3061 1254 3135 μεθύστερον.
1295 3063 1339 3116 De

216 3152 428 3208 Wilamowitzii
447 3152 658 3224 distinctionel)
679 3156 754 3209 infra
772 3154 933 3210 disseretur.

390 3296 421 3348 B.
446 3295 550 3366 pedes
569 3297 645 3366 alii,
665 3299 723 3368 qui
742 3297 849 3351 iambi
867 3298 941 3352 vice
963 3296 1165 3366 funguntur.

666 3409 694 3472 α)
713 3403 895 3474 Tribrachys.

654 3512 768 3566 dii-ersis
781 3511 903 3582 pedibas.

308 3614 392 3686 Sept.
413 3618 479 3673 7512
499 3611 533 3670 τὰ
552 3611 576 3669 δ’
595 3609 664 3671 ὀλοὰ
682 3617 854 3686 πενομένους
872 3616 1056 3688 παρέρχεται;
1073 3612 1246 3683 πενομένους
1263 3619 1340 3668 recte

217 3705 410 3760 Buechelcrus
438 3712 468 3760 et
495 3706 692 3761 Kirchhoffrus
720 3724 770 3779 pro
794 3705 972 3775 πελομένους.
1018 3705 1062 3760 De
1091 3704 1241 3759 sententiis
1268 3703 1340 3770 aliis,

310 3851 335 3919 1)
354 3849 434 3919 γαίας
452 3843 510 3921 adp.
528 3867 552 3904 τ.
571 3845 634 3903 πόλ.
654 3849 761 3918 στέγων
774 3842 962 3916 ὑποστενάζει,
981 3883 1015 3889 -
1034 3849 1060 3915 23
1080 3853 1147 3901 ante
1161 3845 1258 3899 oculos
1270 3844 1340 3897 mihi

217 3928 386 3983 versabatur
414 3947 511 3984 versus
538 3929 588 3983 ille
616 3930 780 3983 notissimus
808 3930 838 3982 in
866 3926 1012 3998 Euripidis
1041 3928 1110 3982 Ione
1136 3927 1181 3996 (V.
1209 3926 1234 3994 1)
1264 3923 1340 3978 unde

217 4009 339 4063 Porsoni
366 4011 495 4081 quaestio
525 4010 655 4081 profecta
682 4016 738 4063 est:
768 3999 862 4072 Ἄτλας
885 4001 900 4063 ὁ
923 4005 1064 4076 χαλκέοισι
1086 4003 1187 4069 νώτοις
1211 3998 1341 4075 οὐρανόν,

218 4088 270 4143 ubi
288 4088 389 4144 eodem
408 4091 492 4145 modo
511 4108 591 4158 onus,
611 4089 687 4158 quod
706 4091 811 4144 umeris
829 4089 960 4156 sustinet,
982 4105 1033 4159 per
1052 4086 1210 4158 spondeum
1230 4086 1265 4154 (si
1284 4101 1341 4138 non

219 4175 250 4228 in
269 4159 379 4243 νὀῖτδῗς,
397 4170 447 4226 scd
466 4171 536 4225 in-cc
555 4159 656 4233 ν”οῐτοῖς
675 4163 747 4240 adp.)
771 4185 823 4239 pro
841 4168 936 4222 iambo
959 4168 1084 4239 positum
1102 4170 1341 4237 repraesentatur.

220 4285 255 4293 -
274 4255 302 4323 3)
321 4252 436 4308 Kunstf.
450 4252 473 4320 1,
491 4268 556 4321 pag.
570 4251 630 4305 308.
651 4281 684 4290 -
704 4251 732 4320 4)
747 4249 831 4303 Metr.
849 4265 913 4320 pag.
934 4249 995 4302 255.
1016 4278 1049 4286 -
1069 4248 1097 4316 5)
1111 4245 1256 4300 Wiederh.
1276 4260 1340 4314 pag.

220 4335 282 4389 342.
301 4365 335 4374 —
355 4336 381 4404 6)
401 4333 469 4388 edit.
482 4330 592 4386 Teubn.
613 4331 691 4385 1891.
712 4361 745 4370 -
766 4331 792 4400 7)
811 4329 847 4384 cf.
866 4328 885 4382 l.
905 4328 923 4382 l.
943 4343 1009 4398 pag.
1029 4327 1083 4396 7l8.
