3176 5060
727 317 949 374 „25-

447 506 479 559 B.
504 503 614 559 Pedes
633 504 709 569 alii,
729 505 787 574 qui
805 503 880 558 vice
900 502 1005 558 iambi
1025 504 1231 574 funguntur.

737 611 764 679 α)
783 609 943 664 Tribrachi.

724 709 751 778 a)
774 709 866 778 primo
881 709 957 778 pede.

369 809 454 864 Pers.
473 809 527 862 004
545 829 580 858 ω
598 808 681 862 1004.
723 807 829 876 suppl.
848 807 915 862 1232
939 824 970 859 τε
993 803 1081 873 δόμος
1103 796 1156 860 ἀλα
1182 804 1289 875 στύγιον
1312 804 1402 878 δορός

279 897 351 951 Cum
369 897 399 950 in
418 896 599 968 antistropha
617 898 670 952 133
689 896 845 967 legeretur:
871 888 962 966 (ἂ)γνά
979 890 1009 962 μ’
1028 892 1147 950 ἐπιδέτω
1167 889 1233 960 Διὸς
1250 893 1330 966 κόρα,
1350 896 1403 950 viri

280 987 358 1040 docti
376 1004 488 1040 versum
507 991 635 1040 nostrum
654 985 838 1054 respondenti
858 985 943 1056 plane
963 1002 1060 1055 parem
1080 984 1198 1040 reddere
1218 984 1403 1040 studuerunt:

280 1075 501 1129 Heimsoethius:
521 1072 676 1142 teulidauc,
690 1074 822 1128 Weilius:
842 1067 866 1128 τ’
880 1061 919 1136 εὖ,
939 1090 1009 1144 quas
1028 1074 1207 1128 coniecturas
1220 1073 1329 1144 optimo
1341 1075 1404 1129 iure

280 1163 497 1233 Oberdiekius¹)
521 1165 704 1234 vituperavit.
745 1164 834 1218 Recte
858 1164 946 1217 etiam
969 1163 1162 1232 Dindorfiusff)
1186 1171 1295 1218 censet:
1322 1181 1404 1232 „man

280 1254 381 1306 uimmt
405 1269 454 1321 an,
479 1252 543 1307 dass
566 1253 632 1307 dem
654 1252 829 1321 Tribrachys
852 1270 883 1305 τε
909 1248 995 1318 δόμος
1017 1253 1047 1306 in
1071 1252 1121 1306 der
1145 1254 1333 1324 Antistrophe
1357 1254 1404 1307 ein

279 1342 424 1411 Daktylus
442 1342 625 1410 entspreche,
650 1341 713 1396 weil
733 1359 763 1396 os
782 1341 847 1395 dem
867 1341 988 1394 Dichter
1011 1341 1092 1394 nicht
1115 1340 1234 1412 gamag,
1260 1342 1405 1396 entu'eder

280 1429 345 1485 dort
364 1432 446 1486 einen
466 1431 610 1500 Daktylus
629 1431 698 1485 oder
716 1431 779 1484 hier
798 1432 883 1485 einen
896 1431 1070 1500 Tribrachys
1088 1448 1123 1484 zu
1143 1431 1248 1499 finden,
1268 1431 1404 1497 Einfalle‚

280 1519 326 1573 die
345 1520 406 1573 sich
425 1520 558 1590 armselig
577 1520 779 1574 ansnehmen.“

716 1645 741 1712 b)
762 1644 874 1698 aecaiado
890 1643 966 1714 pede.

369 1742 454 1795 Pers.
474 1741 559 1795 1013:
580 1734 637 1806 ίυζε
655 1738 740 1806 μέλος
754 1731 825 1805 ύμού
840 1740 927 1803 τιθείς
939 1762 974 1790 ω
987 1741 1073 1795 10212
1092 1735 1242 1811 ἐπορθίαζέ
1256 1759 1305 1794 νυν
1317 1739 1405 1810 γόοις,

280 1830 330 1884 ubi
350 1829 560 1884 observandum
580 1836 631 1897 est,
651 1829 797 1883 tribracho
817 1829 943 1882 iambum
962 1847 1065 1899 purum
1085 1830 1264 1899 respondere.

369 1921 454 1974 Pera.
473 1921 541 1974 267:
560 1913 595 1971 τά
613 1912 702 1972 πολλά
720 1916 803 1988 βέλεα
821 1922 960 1987 παμμιγῆ.
996 1919 1065 1971 Cum
1084 1920 1113 1972 in
1134 1920 1315 1989 antistropha
1329 1921 1404 1991 (273)

280 2009 372 2078 primo
391 2008 463 2077 pede
483 2007 593 2062 iambus
612 2008 759 2062 tribracho
780 2001 917 2072 cessisset,
943 2000 1076 2076 (ἁλίδονα)
1096 2008 1298 2062 Lachmannus
1317 2007 1404 2063 πολέα

281 2097 406 2166 scripsit,
435 2096 512 2166 quod
536 2096 652 2166 probari
676 2113 731 2150 non
759 2113 840 2166 posse
865 2113 901 2150 ex
925 2097 977 2161 eis,
1007 2113 1079 2166 quae
1105 2097 1188 2150 modo
1212 2097 1406 2166 disseruimus,

281 2186 416 2255 sequitur.
450 2185 640 2254 Antistropha
653 2191 760 2238 autem:
781 2179 894 2238 ἁλίδονα
907 2180 1024 2251 σώματα
1036 2188 1185 2256 πολυβαφῆ
1205 2185 1317 2240 medela
1329 2193 1406 2256 eget,

281 2291 347 2327 nam
370 2291 510 2343 nusquam
533 2272 644 2327 iambus
668 2274 921 2343 proceleusmatico
946 2273 1117 2344 respondere
1146 2281 1241 2344 potest
1267 2278 1298 2343 (oi
1323 2264 1405 2342 παμμ

280 2385 316 2413 ω
329 2359 403 2430 ariaci
423 2357 516 2432 πόλί).
554 2362 650 2427 Quare
671 2359 787 2429 σώματα
806 2363 965 2432 aKaysero
985 2368 1013 2416 et
1026 2363 1251 2432 Heimsoethio³J
1271 2365 1300 2418 in
1319 2363 1406 2431 μέλεα

282 2459 439 2506 correctum
464 2458 514 2506 est.
557 2452 641 2506 Certe
665 2452 844 2522 repudianda
867 2458 910 2506 est
934 2453 1118 2521 Hermanni⁴i
1145 2469 1289 2522 mensura,
1318 2471 1404 2524 quam

281 2541 500 2609 Rossbachiusss)
520 2542 621 2595 merito
641 2548 810 2612 aspernatus
829 2548 884 2596 est:
905 2541 1127 2612 amphibrachys
1141 2545 1175 2609 -1-
1189 2541 1349 2596 dochmius:
1369 2537 1406 2597 τά

281 2626 370 2684 πολλά
382 2630 384 2701 i
397 2629 479 2700 βέλεα
492 2635 620 2700 παμμιγῆ
632 2654 667 2682 ω
680 2624 776 2684 ἀλιδνά
789 2631 791 2702 i
805 2627 922 2697 σώματα
935 2634 1093 2700 πολυβαφῆ,
1112 2648 1165 2686 nec
1178 2649 1235 2685 non
1248 2632 1406 2701 Seidleri⁰),

281 2718 437 2772 secundum
461 2715 545 2788 quem
569 2721 841 2788 proceleusmaticus
863 2726 892 2773 et
911 2719 1059 2773 dochmius
1083 2719 1242 2790 accipiendi
1266 2727 1345 2774 suat:
1370 2716 1406 2774 ιά

282 2803 370 2860 πολλά
387 2832 435 2858 uu
447 2833 465 2858 υ
477 2833 495 2860 υ
513 2829 548 2858 rx)
568 2800 680 2861 ἁλίδονα
699 2833 807 2859 υυυυ
824 2810 882 2862 κτλ.

370 2900 473 2953 Proin.
492 2899 545 2952 583
563 2919 599 2948 cx)
618 2899 682 2952 601.
720 2901 774 2964 hg.
794 2899 845 2951 207
865 2918 900 2947 cx>
920 2898 982 2952 217.

371 2986 476 3055 Suppl.
497 2989 563 3042 773:
582 2985 651 3054 μέλη
670 2981 765 3039 λιτανὰ
784 2988 875 3040 θεοῖσι
894 2987 948 3039 καί.
988 2987 1221 3057 Antistrophicus
1240 3005 1349 3042 versus:

372 3076 422 3130 781
447 3081 612 3145 corruptum
641 3074 761 3144 praebet
788 3081 914 3128 textum:
944 3073 1086 3146 δύσφορον
1109 3071 1301 3146 ἀρσενογενὲς,
1331 3094 1406 3146 quae

273 3163 369 3218 ¹verba
387 3181 499 3218 versum
518 3182 575 3218 non
595 3164 721 3234 explent.
760 3164 854 3218 Metro
874 3180 906 3217 ac
926 3166 1021 3218 sensui
1045 3166 1189 3219 consuluit
1208 3166 1403 3220 Hermannus:

282 3247 427 3308 δύσοιστον
450 3251 643 3324 ἀρσενογενὲς,
668 3248 707 3316 οἵ,
729 3271 824 3324 neque
844 3255 960 3307 veroin
980 3254 1083 3308 hacre
1103 3255 1128 3308 ei
1153 3256 1304 3324 assentiar,
1328 3254 1404 3326 quod

282 3360 364 3397 versu
378 3345 429 3397 773
448 3345 538 3397 θεοῖσι
557 3340 653 3396 λιτανά
672 3343 793 3414 scripsit,
813 3349 845 3396 ut
858 3360 956 3397 versus
973 3342 1094 3413 pedibus
1113 3344 1198 3414 plane
1212 3361 1406 3415 exaequaren-

281 3438 340 3495 tur;
369 3434 514 3502 responsio
538 3439 634 3486 autem
658 3449 756 3486 severa
781 3449 831 3502 per
855 3433 912 3486 vim
935 3432 1054 3486 inducta
1077 3450 1187 3504 semper
1211 3434 1329 3487 vitanda
1353 3441 1404 3488 est.

282 3521 445 3590 Weiliumi)
465 3539 578 3591 quoque
592 3522 685 3587 miror,
706 3523 755 3591 qui
774 3523 916 3591 particula
934 3523 983 3576 καί
1000 3522 1096 3577 deleta
1108 3523 1196 3577 talem
1210 3541 1321 3576 versum
1334 3524 1408 3577 facit

282 3616 447 3664 exeuntem:
470 3607 539 3677 μέλη
562 3611 652 3664 θεοῖσι
674 3607 770 3663 λιτανά
788 3637 806 3662 ο
818 3629 835 3663 ι
847 3637 866 3663 υ
878 3630 894 3662 ι
906 3636 925 3662 υ
937 3623 955 3662 ο
966 3637 985 3663 o
996 3635 1026 3675 υ,
1051 3629 1107 3682 quo
1133 3612 1285 3681 rhythmus
1309 3612 1406 3666 subito

282 3703 382 3752 contra
395 3715 507 3752 omnem
519 3716 601 3752 usum
619 3698 829 3769 abrumpitur)
860 3700 926 3753 Alia
945 3701 1091 3754 distinctio
1105 3700 1405 3770 estWilamowitzii⁰)‚

282 3787 332 3856 qui
360 3787 454 3839 omnia
481 3804 538 3840 uno
564 3793 663 3841 tenore
691 3787 775 3858 legit:
805 3787 886 3856 γένος
909 3782 962 3858 γάρ
986 3785 1140 3857 Αἰγύπτιον
1163 3777 1243 3860 ύβριν
1263 3787 1407 3859 δύσφορον

282 3871 463 3944 ἀρσενογενὲς
481 3881 510 3928 00
529 3876 613 3930 haec
632 3877 720 3931 verba
739 3877 924 3931 iambicum
943 3878 1058 3949 expiere
1078 3896 1190 3933 versum
1210 3879 1314 3932 voluit:

271 4045 273 4051 .
357 4002 380 4069 1)
399 4000 428 4052 in
457 3999 582 4055 editione
610 4019 675 4072 pag.
697 4003 756 4056 105.
785 4033 819 4041 -
848 4005 873 4073 2)
893 4003 1017 4072 aeschyl.
1046 4003 1181 4074 Ohorges.
1210 4020 1275 4074 pag.
1297 4005 1340 4057 41.
1370 4038 1404 4044 -

283 4081 308 4148 3)
327 4080 471 4134 Wiederh.
491 4098 555 4151 pag.
576 4083 618 4136 56.
639 4113 671 4121 —
691 4084 718 4150 4)
738 4082 819 4136 elem.
839 4099 901 4152 pag.
925 4084 985 4137 262.
1007 4115 1039 4123 —
1060 4087 1086 4152 5)
1105 4084 1189 4138 Metr.
1209 4101 1273 4154 pag.
1290 4086 1349 4138 777.
1370 4118 1405 4124 -

283 4163 310 4223 0)
329 4159 365 4212 ad
384 4159 486 4215 Troad.
507 4179 531 4214 v.
554 4162 630 4215 1246.
650 4174 685 4202 '—
705 4164 730 4230 7)
750 4162 817 4216 edit.
840 4163 916 4217 1891.
937 4195 969 4202 -
995 4165 1021 4230 8)
1040 4165 1196 4218 rectissime
1216 4163 1405 4218 Oberdickius

283 4240 322 4302 (in
341 4240 466 4294 editione
485 4258 550 4310 pag.
573 4242 644 4309 169):
671 4259 743 4310 ,uvas
762 4242 837 4296 Weil
856 4242 949 4312 gicht,
973 4243 1010 4296 ist
1034 4244 1080 4298 ein
1099 4244 1188 4314 vollig
1207 4243 1406 4314 unmoglicher

283 4320 379 4373 Vers.“
400 4320 518 4390 -9)1.
538 4321 556 4374 l.
576 4338 641 4392 pag.
661 4323 703 4375 20.
