3176 5060
691 347 914 408 ..12--

162 517 165 524 ’
243 521 300 576 vim
319 519 447 590 rhythmi
466 525 562 590 auget,
585 535 651 574 nam
671 517 726 573 hoc
745 535 861 574 munere
881 518 1063 574 choriambus
1081 519 1248 590 fungitur¹)‚
1271 518 1362 575 donec

242 626 326 664 versu
348 613 486 680 sequente
510 607 662 677 rhythmus
680 606 828 662 descendit
847 613 877 662 et
895 623 977 662 aures
999 608 1030 662 in
1048 607 1247 678 logaoedicum
1265 626 1363 664 nume·

242 716 304 752 rum
321 698 454 753 traducit.
492 697 593 768 Neque
612 696 663 750 alii
681 697 804 752 scaenici
823 695 861 750 ab
880 695 934 751 hoc
948 713 1031 752 versu
1050 697 1206 752 abhorrent
1225 697 1261 752 cl.
1274 697 1362 769 Soph.

242 787 311 842 Ant.
331 787 395 842 781:
420 779 503 858 ἔρως,
526 781 640 840 ἀνίκατε
661 782 762 855 μάχαν,
785 785 883 855 Eurip.
908 785 995 840 Herc.
1018 786 1085 841 Fur.
1106 787 1171 842 756:
1193 790 1363 858 μεταλλαγαὶ

240 870 294 947 γάρ
312 874 451 948 άακράων,
473 877 643 944 μεταλλαγαὶ
660 875 812 944 ξυνινχὶας.
850 875 937 928 Arist.
958 875 1044 945 Vesp.
1066 875 1147 930 1450:
1172 877 1245 944 ζηλῶ
1264 893 1297 946 γε
1314 881 1363 944 τῆς

241 959 369 1034 εὐτυχίας
386 968 444 1018 κτλ.
487 964 529 1019 cf.
550 964 586 1019 de
604 964 659 1019 hac
678 981 708 1019 re
727 963 936 1018 Rossbachium
959 964 989 1018 in
1007 963 1092 1020 Metr.
1111 981 1176 1036 pag.
1197 965 1257 1033 700,
1280 963 1361 1020 Chri-

240 1055 325 1108 stium
361 1054 391 1109 in
424 1053 508 1108 Matr.
543 1053 630 1124 1874,
662 1069 728 1124 pag.
758 1053 853 1121 ⁵00⁹),
884 1058 1034 1122 praeterea
1069 1053 1299 1112 Heimsoethium
1331 1055 1361 1109 in

243 1141 418 1208 ‚Wiederh‘
440 1158 505 1212 pag.
525 1141 585 1197 328.
622 1141 688 1196 Non
707 1158 773 1195 cum
787 1140 971 1210 Conradtio⁸)
990 1140 1078 1196 verba
1096 1138 1197 1210 δνόφοι
1215 1159 1305 1215 usque
1324 1144 1361 1198 ad

239 1227 403 1286 θανάτοισιν
414 1231 444 1284 in
463 1247 551 1284 unum
564 1247 677 1285 versum
695 1228 901 1294 coniunxerim,
920 1245 986 1282 nam
1003 1245 1128 1297 causam,
1147 1247 1198 1285 cur
1216 1231 1361 1288 sollemnis

240 1318 405 1374 distributio
428 1325 587 1389 evertatur,
611 1336 664 1390 ego
687 1335 745 1374 uon
769 1318 852 1373 video
876 1319 1039 1389 frustraque
1062 1320 1092 1374 in
1114 1319 1261 1375 Gouradtii
1285 1338 1361 1377 com·

239 1409 408 1464 mentariolo
433 1408 591 1480 quaesivi.⁴)
634 1409 724 1463 Immo
749 1408 804 1462 hoc
828 1407 890 1462 fieri
917 1407 1004 1477 solet,
1032 1415 1066 1463 ut
1092 1409 1211 1479 stropha
1237 1410 1361 1465 iambica

239 1498 425 1568 pherecrateo
441 1496 602 1565 claudatur,
622 1514 680 1552 non
693 1503 752 1550 tarn
772 1497 860 1568 longa
878 1498 950 1553 serie
969 1504 1002 1552 ut
1020 1498 1081 1553 viro
1100 1497 1185 1561 docto
1198 1499 1290 1553 visum
1308 1506 1359 1554 est.

240 1618 273 1626 -
291 1609 327 1638 ω
345 1588 396 1642 683
423 1584 500 1653 μένει
527 1586 706 1656 χρσνῖζσντας
734 1576 786 1655 άχη
808 1587 848 1641 sio
872 1587 1039 1642 Dindorfiua
1062 1604 1113 1658 pro
1137 1587 1260 1642 Medicai
1283 1587 1360 1656 μένει

237 1675 390 1748 χρονίζοντ’
409 1666 461 1744 άχη
478 1669 566 1745 βρύει.

328 1765 434 1834 Suppl.
453 1766 503 1820 601
524 1787 559 1815 ω
577 1764 642 1820 614.

424 1954 462 2007 D.
485 1953 630 2008 Dliambi
654 1967 731 2008 cum
754 1953 964 2020 logaoadlcis
988 1954 1174 2010 coniuncti.

327 2067 460 2139 Quinque
480 2068 585 2122 formas
603 2067 770 2122 statuendas
789 2084 899 2125 censeo.

273 2177 281 2188 ·
345 2159 371 2225 a)
389 2181 495 2210 υ-υ-
513 2159 517 2225 Ι
533 2157 718 2210 *sufflar-

358 2244 500 2300 diiambus
518 2247 553 2316 -l-
572 2245 767 2317 logaoedicus,
792 2247 841 2317 qui
864 2252 977 2301 constat
1000 2264 1036 2301 ex
1059 2246 1175 2316 dactylo
1194 2253 1224 2301 ct
1242 2246 1358 2318 dipodia

239 2334 386 2389 trochaica
404 2334 583 2403 catalectica,
602 2335 682 2388 cuius
701 2334 778 2404 prior
796 2352 847 2405 pas
865 2334 976 2390 solutus
994 2341 1045 2390 est.
1325 2385 1330 2396 ,

308 2424 392 2479 Pars·
412 2423 494 2478 104οι
515 2419 542 2490 ἰὴ
555 2415 582 2490 ἰὴ
598 2426 602 2492 Ι
617 2419 727 2494 βάρισιν
740 2417 877 2490 ὀλόμενοι.
914 2424 1040 2478 Diversis
1053 2424 1143 2479 modis
1156 2424 1203 2479 hic
1215 2429 1357 2479 mutatum

236 2517 287 2579 est,
306 2513 384 2566 haud
403 2514 472 2582 iuro,
491 2517 524 2566 ut
543 2512 636 2582 credo,
655 2518 777 2583 excepto
790 2512 898 2567 tradito
918 2501 934 2580 ἢ
953 2502 969 2580 ἢ
988 2503 1005 2580 ἢ
1025 2503 1048 2580 ἦ.
1081 2513 1209 2582 Weilius,
1228 2519 1261 2568 ut
1275 2530 1357 2584 pares

234 2619 332 2656 versus
350 2601 403 2656 sub
422 2602 508 2666 finem
527 2602 663 2668 efiiceret,
682 2603 807 2674 scripsit:
827 2597 850 2656 λ’
873 2599 910 2672 ἰή,
929 2599 1120 2674 τρισκάλμοισι
1132 2598 1242 2673 βάρισιν
1261 2605 1357 2671 phicol

235 2693 357 2761 (tetram.
381 2691 1248 2761 181111).εγασ.υ-υμι-ι--υ-υ-υ-),ΒΙοαιλὶθΙᾱὶιιε
1271 2692 1356 2747 doch·

234 2780 297 2833 miis
320 2780 454 2833 maiorem
479 2780 679 2834 auctoritatem
704 2780 849 2833 attribuit:
872 2777 982 2852 βάρισιν
1006 2776 1148 2848 ὀλόμενσιι
1167 2827 1185 2836 -
1197 2794 1356 2848 socom,

234 2875 264 2924 et
291 2875 365 2922 tum:
393 2867 498 2937 πέμψω
526 2867 572 2922 τοί
593 2883 624 2921 σε
647 2863 826 2940 δυσθρόσισιν
844 2863 923 2938 γόοις
941 2885 1077 2923 ῡ--υ-
1093 2872 1096 2936 Ι
1112 2895 1257 2926 υ--υ-.
1299 2871 1356 2927 Sed

234 2957 373 3011 dochmiis
396 2956 443 3011 hio
466 2957 561 3011 locum
584 2973 641 3010 non
665 2973 726 3034 esse¹
744 2956 962 3026 Rossbachius⁶)
985 2957 1145 3028 ostendit0),
1170 2976 1235 3013 cum
1257 2960 1357 3015 fabula

234 3045 411 3117 longioribus
434 3045 607 3099 carminibus
630 3044 803 3099 dochmiaois
822 3052 931 3114 careat,
955 3052 984 3100 et
1002 3047 1118 3101 omnino
1137 3037 1225 3102 uuum
1243 3054 1355 3104 tantum

233 3134 396 3189 dochmium
424 3135 561 3189 exhibeat
589 3135 634 3203 (V.
654 3134 726 3203 266).
762 3135 825 3205 Ego
856 3134 971 3206 quidem
1002 3135 1159 3192 diiambum
1189 3138 1355 3210 logaoedioo

234 3228 349 3278 auctum
368 3224 491 3278 maxima
511 3223 557 3278 hio
577 3222 731 3278 desiderari
750 3230 876 3293 autumo,
895 3240 962 3277 nam
974 3225 1095 3279 variatio
1108 3226 1307 3295 rhythmorum
1325 3228 1355 3283 in

233 3314 289 3369 fine
309 3313 394 3367 huius
406 3313 571 3385 tragoediae
585 3313 731 3384 aptissima
749 3319 801 3368 est.
831 3312 948 3369 Scilicet
960 3315 1120 3370 Hermanni
1134 3317 1355 3387 responsionem,

233 3420 318 3474 quam
331 3403 452 3473 pervim
471 3403 607 3474 perficere
626 3401 744 3469 studuit,
763 3402 849 3472 plane
861 3421 973 3475 respuo,
992 3421 1058 3458 nam
1071 3411 1149 3461 certe
1161 3411 1247 3476 poeta
1265 3405 1301 3460 de
1314 3407 1355 3460 in·

233 3483 341 3546 dustria
354 3493 409 3547 hoo
429 3492 542 3546 efficere
561 3491 661 3557 voluit,
680 3497 722 3558 ut,
741 3499 893 3564 postquam
906 3493 1009 3550 Persae
1028 3496 1138 3566 patriae
1157 3495 1268 3547 ruinam
1286 3495 1355 3546 satis

233 3583 381 3653 conquesti
393 3586 469 3649 sunt,
487 3597 571 3634 versu
585 3580 653 3634 1037
667 3597 780 3634 severus
799 3581 869 3636 ordo
882 3582 1008 3638 liberiori
1021 3581 1219 3651 compositioni
1232 3577 1354 3646 cederet,

324 3723 348 3791 1)
367 3722 403 3776 cf.
422 3721 577 3776 Christium
601 3722 631 3775 in
654 3721 738 3775 Metr.
757 3737 822 3792 pag.
842 3723 906 3775 462:
933 3738 981 3790 „so
1004 3727 1100 3791 passte
1123 3719 1174 3774 der
1198 3719 1353 3774 choriamb.

232 3802 396 3872 Rhythmus
408 3801 631 3872 vorzsrglichsszu
644 3800 700 3855 den
719 3804 909 3871 ungestiimcn
922 3801 1123 3871 Bewegungcn
1142 3799 1193 3855 der
1211 3801 1241 3854 in
1259 3815 1354 3854 rasen-

232 3882 283 3937 der
293 3882 485 3953 Verzbclrung
498 3879 567 3935 bald
578 3881 700 3946 hierhin,
712 3879 782 3935 bald
792 3878 908 3936 dorthin
918 3882 1082 3952 gerissenen
1091 3880 1353 3935 Bacchantinneu.“

231 3996 266 4004 -
285 3963 313 4032 2)
331 3961 382 4017 ubi
401 3962 545 4017 sententia
564 3961 597 4016 Ο,
616 3960 777 4029 Meissneri,
803 3976 888 4031 quam
907 3961 943 4016 de
963 3977 1095 4016 mensura
1114 3960 1233 4015 diiambi
1251 3959 1355 4014 habuit

233 4042 279 4112 (of.
298 4041 403 4096 Philol.
422 4042 460 4110 X,
479 4059 564 4112 pagg.
585 4043 682 4111 1-24)
701 4041 852 4096 refutatur.
872 4072 906 4082 —
925 4041 1069 4112 3)*„Neuo
1088 4040 1190 4097 Jahrb.
1210 4041 1229 4095 f.
1248 4040 1353 4095 Philol.

232 4139 259 4176 u.
278 4120 364 4174 Padf‘
385 4121 462 4187 1895,
481 4138 546 4192 pag.
565 4122 626 4177 301.
645 4152 680 4162 -
698 4121 726 4189 4)
745 4120 816 4175 dicit
835 4119 1138 4193 „dagegenmusscn
1157 4121 1233 4176 nach
1251 4120 1355 4176 durch-

232 4200 378 4272 gehender
390 4201 481 4272 Regel
501 4232 535 4242 —·
554 4218 695 4272 quaenam
710 4207 754 4256 est
771 4200 823 4254 illa
842 4202 959 4272 regula?
978 4232 1012 4241 -
1032 4201 1077 4256 die
1091 4200 1195 4257 beiden
1209 4202 1354 4257 aolischen

231 4280 308 4334 Kola
326 4297 372 4333 am
385 4280 518 4336 Schlusse
537 4282 678 4352 vereinigt
697 4281 837 4337 werden.“
857 4312 891 4322 —
910 4283 936 4352 5)
955 4282 1040 4336 Matr.
1059 4298 1124 4354 pag.
1139 4283 1198 4339 779.
1218 4314 1253 4320 —
1272 4284 1298 4351 6)
1318 4283 1353 4336 of.

232 4359 388 4415 Christium
406 4361 436 4414 in
455 4361 539 4416 Metr.
558 4377 624 4432 pag.
643 4363 705 4417 456.
