<?xml version="1.0" encoding="UTF-8"?>
<!DOCTYPE html PUBLIC "-//W3C//DTD XHTML 1.0 Transitional//EN"
    "http://www.w3.org/TR/xhtml1/DTD/xhtml1-transitional.dtd">
<html xmlns="http://www.w3.org/1999/xhtml" xml:lang="en" lang="en">
 <head>
  <title>
</title>
<meta http-equiv="Content-Type" content="text/html;charset=utf-8" />
  <meta name='ocr-system' content='tesseract 3.04.00' />
  <meta name='ocr-capabilities' content='ocr_page ocr_carea ocr_par ocr_line ocrx_word'/>
</head>
<body>
  <div class='ocr_page' id='page_1' title='image "./deversuumiambic00preugoog_0013.png"; bbox 0 0 3176 5060; ppageno 0'>
   <div class='ocr_carea' id='block_1_1' title="bbox 636 261 837 317">
    <p class='ocr_par' dir='ltr' id='par_1_1' title="bbox 636 261 837 317">
     <span class='ocr_line' id='line_1_1' title="bbox 636 261 837 317; baseline -0.005 -16"><span class='ocrx_word' id='word_1_1' title='bbox 636 261 837 317; x_wconf 66' lang='lat' dir='ltr'><strong>„g-</strong></span> 
     </span>
    </p>
   </div>
   <div class='ocr_carea' id='block_1_2' title="bbox 173 430 1296 948">
    <p class='ocr_par' dir='ltr' id='par_1_2' title="bbox 173 430 1296 948">
     <span class='ocr_line' id='line_1_2' title="bbox 289 430 1178 502; baseline 0 -16"><span class='ocrx_word' id='word_1_2' title='bbox 289 431 320 502; x_wconf 88' lang='lat' dir='ltr'><strong>b)</strong></span> <span class='ocrx_word' id='word_1_3' title='bbox 339 432 609 486; x_wconf 82' lang='lat' dir='ltr'><strong>interiectiones</strong></span> <span class='ocrx_word' id='word_1_4' title='bbox 628 447 703 485; x_wconf 90' lang='lat' dir='ltr'><strong>cum</strong></span> <span class='ocrx_word' id='word_1_5' title='bbox 722 430 939 485; x_wconf 67' lang='lat' dir='ltr'><strong>aliis‘verbis</strong></span> <span class='ocrx_word' id='word_1_6' title='bbox 957 431 1178 486; x_wconf 89' lang='lat' dir='ltr'><strong>coniunctae.</strong></span> 
     </span>
     <span class='ocr_line' id='line_1_3' title="bbox 262 515 1296 591; baseline -0.002 -15"><span class='ocrx_word' id='word_1_7' title='bbox 262 523 317 589; x_wconf 72' lang='lat' dir='ltr'><strong>Ag.</strong></span> <span class='ocrx_word' id='word_1_8' title='bbox 336 521 425 577; x_wconf 71' lang='lat'>12692</span> <span class='ocrx_word' id='word_1_9' title='bbox 449 515 482 574; x_wconf 79' lang='grc' dir='ltr'><strong>ἰώ</strong></span> <span class='ocrx_word' id='word_1_10' title='bbox 502 518 588 588; x_wconf 83' lang='grc' dir='ltr'><strong><em>ξένοι,</em></strong></span> <span class='ocrx_word' id='word_1_11' title='bbox 612 519 689 590; x_wconf 92' lang='lat' dir='ltr'><strong>quod</strong></span> <span class='ocrx_word' id='word_1_12' title='bbox 708 518 808 575; x_wconf 92' lang='lat' dir='ltr'><strong>eodem</strong></span> <span class='ocrx_word' id='word_1_13' title='bbox 832 519 916 574; x_wconf 93' lang='lat' dir='ltr'><strong>modo</strong></span> <span class='ocrx_word' id='word_1_14' title='bbox 940 520 1077 574; x_wconf 89' lang='lat' dir='ltr'><strong>trimetris</strong></span> <span class='ocrx_word' id='word_1_15' title='bbox 1100 520 1296 591; x_wconf 90' lang='lat' dir='ltr'><strong>praemittitur</strong></span> 
     </span>
     <span class='ocr_line' id='line_1_4' title="bbox 173 609 435 681; baseline -0.008 -15"><span class='ocrx_word' id='word_1_16' title='bbox 173 609 261 681; x_wconf 73' lang='lat' dir='ltr'><strong>eope.</strong></span> <span class='ocrx_word' id='word_1_17' title='bbox 280 610 355 666; x_wconf 71' lang='lat' dir='ltr'><strong>enar.</strong></span> <span class='ocrx_word' id='word_1_18' title='bbox 374 611 435 664; x_wconf 81' lang='lat'>219.</span> 
     </span>
     <span class='ocr_line' id='line_1_5' title="bbox 263 694 1296 770; baseline -0.003 -15"><span class='ocrx_word' id='word_1_19' title='bbox 263 699 370 769; x_wconf 84' lang='lat' dir='ltr'><strong>Suppl.</strong></span> <span class='ocrx_word' id='word_1_20' title='bbox 389 699 459 755; x_wconf 73' lang='lat'><strong>8522</strong></span> <span class='ocrx_word' id='word_1_21' title='bbox 483 697 551 764; x_wconf 81' lang='grc' dir='ltr'><strong><em>οἰοῖ,</em></strong></span> <span class='ocrx_word' id='word_1_22' title='bbox 573 694 674 770; x_wconf 80' lang='grc' dir='ltr'><strong><em>πάτερ,</em></strong></span> <span class='ocrx_word' id='word_1_23' title='bbox 698 699 748 769; x_wconf 93' lang='lat' dir='ltr'><strong>qui</strong></span> <span class='ocrx_word' id='word_1_24' title='bbox 766 715 864 754; x_wconf 90' lang='lat' dir='ltr'><strong>versus</strong></span> <span class='ocrx_word' id='word_1_25' title='bbox 883 698 1003 754; x_wconf 87' lang='lat' dir='ltr'><strong>fortasse</strong></span> <span class='ocrx_word' id='word_1_26' title='bbox 1026 698 1141 752; x_wconf 91' lang='lat' dir='ltr'><strong>initium</strong></span> <span class='ocrx_word' id='word_1_27' title='bbox 1160 697 1296 768; x_wconf 77' lang='lat' dir='ltr'><strong>strophae</strong></span> 
     </span>
     <span class='ocr_line' id='line_1_6' title="bbox 174 786 1295 859; baseline -0.001 -17"><span class='ocrx_word' id='word_1_28' title='bbox 174 789 242 856; x_wconf 89' lang='lat' dir='ltr'><strong>fuit,</strong></span> <span class='ocrx_word' id='word_1_29' title='bbox 266 793 298 841; x_wconf 92' lang='lat' dir='ltr'><strong>ut</strong></span> <span class='ocrx_word' id='word_1_30' title='bbox 318 789 399 858; x_wconf 81' lang='lat' dir='ltr'>quasi</span> <span class='ocrx_word' id='word_1_31' title='bbox 422 787 603 859; x_wconf 83' lang='lat' dir='ltr'><strong>praeludium</strong></span> <span class='ocrx_word' id='word_1_32' title='bbox 622 788 731 842; x_wconf 91' lang='lat' dir='ltr'><strong>animos</strong></span> <span class='ocrx_word' id='word_1_33' title='bbox 750 787 930 842; x_wconf 89' lang='lat' dir='ltr'><strong>audientium</strong></span> <span class='ocrx_word' id='word_1_34' title='bbox 948 786 984 841; x_wconf 97' lang='lat' dir='ltr'><strong>ad</strong></span> <span class='ocrx_word' id='word_1_35' title='bbox 1003 787 1153 857; x_wconf 79' lang='lat' dir='ltr'>sequentia</span> <span class='ocrx_word' id='word_1_36' title='bbox 1175 803 1295 858; x_wconf 89' lang='lat' dir='ltr'><strong>praepa·</strong></span> 
     </span>
     <span class='ocr_line' id='line_1_7' title="bbox 174 872 1069 948; baseline -0.002 -18"><span class='ocrx_word' id='word_1_37' title='bbox 174 883 258 932; x_wconf 88' lang='lat' dir='ltr'><strong>raret.</strong></span> <span class='ocrx_word' id='word_1_38' title='bbox 278 883 321 947; x_wconf 74' lang='lat' dir='ltr'><strong>(ut</strong></span> <span class='ocrx_word' id='word_1_39' title='bbox 340 877 418 947; x_wconf 82' lang='lat' dir='ltr'><strong>Sept.</strong></span> <span class='ocrx_word' id='word_1_40' title='bbox 440 877 499 944; x_wconf 84' lang='lat'><strong>135,</strong></span> <span class='ocrx_word' id='word_1_41' title='bbox 519 876 617 947; x_wconf 82' lang='lat' dir='ltr'><strong>Suppl.</strong></span> <span class='ocrx_word' id='word_1_42' title='bbox 639 876 708 945; x_wconf 83' lang='lat'>106).</span> <span class='ocrx_word' id='word_1_43' title='bbox 727 897 763 927; x_wconf 76' lang='grc' dir='ltr'>ω</span> <span class='ocrx_word' id='word_1_44' title='bbox 781 876 849 932; x_wconf 73' lang='lat'><strong>8622</strong></span> <span class='ocrx_word' id='word_1_45' title='bbox 868 879 959 948; x_wconf 84' lang='grc' dir='ltr'><strong><em>μαιμᾷ</em></strong></span> <span class='ocrx_word' id='word_1_46' title='bbox 976 872 1069 939; x_wconf 80' lang='grc' dir='ltr'><em>πέλας.</em></span> 
     </span>
    </p>
   </div>
   <div class='ocr_carea' id='block_1_3' title="bbox 171 989 1299 3729">
    <p class='ocr_par' dir='ltr' id='par_1_3' title="bbox 236 989 1252 1134">
     <span class='ocr_line' id='line_1_8' title="bbox 236 989 1252 1062; baseline -0.001 -17"><span class='ocrx_word' id='word_1_47' title='bbox 236 991 263 1062; x_wconf 88' lang='grc' dir='ltr'><strong><em>ο)</em></strong></span> <span class='ocrx_word' id='word_1_48' title='bbox 282 991 440 1059; x_wconf 79' lang='lat' dir='ltr'>diiambi,</span> <span class='ocrx_word' id='word_1_49' title='bbox 460 992 519 1061; x_wconf 93' lang='lat' dir='ltr'><strong>qui</strong></span> <span class='ocrx_word' id='word_1_50' title='bbox 538 996 702 1045; x_wconf 76' lang='lat' dir='ltr'><strong>constant</strong></span> <span class='ocrx_word' id='word_1_51' title='bbox 722 1007 763 1044; x_wconf 86' lang='lat' dir='ltr'><strong>ex</strong></span> <span class='ocrx_word' id='word_1_52' title='bbox 782 990 863 1044; x_wconf 91' lang='lat' dir='ltr'><strong>aliis</strong></span> <span class='ocrx_word' id='word_1_53' title='bbox 882 989 1012 1058; x_wconf 90' lang='lat' dir='ltr'><strong>verbis,</strong></span> <span class='ocrx_word' id='word_1_54' title='bbox 1031 1006 1118 1061; x_wconf 86' lang='lat' dir='ltr'><strong>quae</strong></span> <span class='ocrx_word' id='word_1_55' title='bbox 1137 991 1252 1045; x_wconf 92' lang='lat' dir='ltr'><strong>omnia</strong></span> 
     </span>
     <span class='ocr_line' id='line_1_9' title="bbox 446 1078 1023 1134; baseline -0.002 0"><span class='ocrx_word' id='word_1_56' title='bbox 446 1080 711 1134; x_wconf 81' lang='lat' dir='ltr'><strong>commotionem</strong></span> <span class='ocrx_word' id='word_1_57' title='bbox 730 1080 835 1133; x_wconf 90' lang='lat' dir='ltr'><strong>animi</strong></span> <span class='ocrx_word' id='word_1_58' title='bbox 854 1078 1023 1133; x_wconf 88' lang='lat' dir='ltr'><strong>indicant.</strong></span> 
     </span>
    </p>

    <p class='ocr_par' dir='ltr' id='par_1_4' title="bbox 173 1161 1295 1322">
     <span class='ocr_line' id='line_1_10' title="bbox 262 1161 1295 1240; baseline 0 -16"><span class='ocrx_word' id='word_1_59' title='bbox 262 1169 347 1224; x_wconf 82' lang='lat' dir='ltr'><strong>Pera.</strong></span> <span class='ocrx_word' id='word_1_60' title='bbox 361 1169 428 1224; x_wconf 70' lang='lat' dir='ltr'><strong>acce</strong></span> <span class='ocrx_word' id='word_1_61' title='bbox 448 1163 505 1239; x_wconf 82' lang='grc' dir='ltr'><strong>ὁρῶ</strong></span> <span class='ocrx_word' id='word_1_62' title='bbox 518 1161 584 1240; x_wconf 82' lang='grc' dir='ltr'><strong><em>ὁρῶ,</em></strong></span> <span class='ocrx_word' id='word_1_63' title='bbox 597 1167 648 1222; x_wconf 93' lang='lat' dir='ltr'><strong>ubi</strong></span> <span class='ocrx_word' id='word_1_64' title='bbox 660 1168 691 1222; x_wconf 90' lang='lat' dir='ltr'><strong>iu</strong></span> <span class='ocrx_word' id='word_1_65' title='bbox 704 1167 786 1222; x_wconf 91' lang='lat' dir='ltr'><strong>hiatu</strong></span> <span class='ocrx_word' id='word_1_66' title='bbox 796 1167 999 1222; x_wconf 83' lang='lat' dir='ltr'><strong>offendendum</strong></span> <span class='ocrx_word' id='word_1_67' title='bbox 1011 1184 1069 1222; x_wconf 91' lang='lat' dir='ltr'><strong>non</strong></span> <span class='ocrx_word' id='word_1_68' title='bbox 1082 1170 1156 1237; x_wconf 81' lang='lat' dir='ltr'><strong>est.¹)</strong></span> <span class='ocrx_word' id='word_1_69' title='bbox 1166 1189 1202 1220; x_wconf 70' lang='lat' dir='ltr'><strong>cx&gt;</strong></span> <span class='ocrx_word' id='word_1_70' title='bbox 1210 1169 1295 1224; x_wconf 70' lang='lat'>10022</span> 
     </span>
     <span class='ocr_line' id='line_1_11' title="bbox 173 1261 389 1322; baseline -0.005 -12"><span class='ocrx_word' id='word_1_71' title='bbox 173 1261 272 1322; x_wconf 84' lang='grc' dir='ltr'><strong><em>παπαῖ,</em></strong></span> <span class='ocrx_word' id='word_1_72' title='bbox 290 1263 389 1310; x_wconf 84' lang='grc' dir='ltr'><strong><em>παπαῖ.</em></strong></span> 
     </span>
    </p>

    <p class='ocr_par' dir='ltr' id='par_1_5' title="bbox 262 1347 596 1403">
     <span class='ocr_line' id='line_1_12' title="bbox 262 1347 596 1403; baseline 0.006 -2"><span class='ocrx_word' id='word_1_73' title='bbox 262 1347 347 1401; x_wconf 87' lang='lat' dir='ltr'><strong>Pers.</strong></span> <span class='ocrx_word' id='word_1_74' title='bbox 367 1347 438 1402; x_wconf 74' lang='lat'>1026</span> <span class='ocrx_word' id='word_1_75' title='bbox 456 1368 492 1398; x_wconf 73' lang='grc' dir='ltr'>ω</span> <span class='ocrx_word' id='word_1_76' title='bbox 511 1348 596 1403; x_wconf 75' lang='lat'>1032.</span> 
     </span>
    </p>

    <p class='ocr_par' dir='ltr' id='par_1_6' title="bbox 171 1423 1298 2650">
     <span class='ocr_line' id='line_1_13' title="bbox 262 1423 1296 1501; baseline 0.001 -11"><span class='ocrx_word' id='word_1_77' title='bbox 262 1436 365 1492; x_wconf 88' lang='lat' dir='ltr'><strong>Prom.</strong></span> <span class='ocrx_word' id='word_1_78' title='bbox 384 1437 453 1492; x_wconf 76' lang='lat'><strong>563:</strong></span> <span class='ocrx_word' id='word_1_79' title='bbox 473 1427 557 1501; x_wconf 79' lang='grc' dir='ltr'><strong><em>ἄλευ’,</em></strong></span> <span class='ocrx_word' id='word_1_80' title='bbox 577 1423 594 1489; x_wconf 82' lang='grc' dir='ltr'><em>ἆ</em></span> <span class='ocrx_word' id='word_1_81' title='bbox 612 1437 655 1490; x_wconf 77' lang='grc' dir='ltr'><strong>δᾶ,</strong></span> <span class='ocrx_word' id='word_1_82' title='bbox 692 1437 777 1491; x_wconf 90' lang='lat' dir='ltr'><strong>Hanc</strong></span> <span class='ocrx_word' id='word_1_83' title='bbox 791 1452 888 1491; x_wconf 84' lang='lat' dir='ltr'><strong>veram</strong></span> <span class='ocrx_word' id='word_1_84' title='bbox 903 1452 964 1490; x_wconf 88' lang='lat' dir='ltr'><strong>esse</strong></span> <span class='ocrx_word' id='word_1_85' title='bbox 983 1435 1136 1490; x_wconf 87' lang='lat' dir='ltr'><strong>lectionem</strong></span> <span class='ocrx_word' id='word_1_86' title='bbox 1151 1436 1249 1490; x_wconf 91' lang='lat' dir='ltr'><strong>Weilii</strong></span> <span class='ocrx_word' id='word_1_87' title='bbox 1267 1442 1296 1491; x_wconf 87' lang='lat' dir='ltr'><strong>et</strong></span> 
     </span>
     <span class='ocr_line' id='line_1_14' title="bbox 174 1524 1297 1595; baseline 0.002 -17"><span class='ocrx_word' id='word_1_88' title='bbox 174 1524 335 1595; x_wconf 62' lang='lat' dir='ltr'><strong>Ahrensiil)</strong></span> <span class='ocrx_word' id='word_1_89' title='bbox 354 1526 476 1595; x_wconf 84' lang='lat' dir='ltr'><strong>vestigia</strong></span> <span class='ocrx_word' id='word_1_90' title='bbox 499 1531 613 1579; x_wconf 91' lang='lat' dir='ltr'><strong>secutus</strong></span> <span class='ocrx_word' id='word_1_91' title='bbox 632 1526 867 1594; x_wconf 83' lang='lat' dir='ltr'><strong>existimaverim,</strong></span> <span class='ocrx_word' id='word_1_92' title='bbox 891 1529 924 1580; x_wconf 86' lang='lat' dir='ltr'><strong>ut</strong></span> <span class='ocrx_word' id='word_1_93' title='bbox 942 1524 1084 1579; x_wconf 75' lang='lat' dir='ltr'><strong>diiambus</strong></span> <span class='ocrx_word' id='word_1_94' title='bbox 1103 1525 1224 1594; x_wconf 89' lang='lat' dir='ltr'><strong>oriatur,</strong></span> <span class='ocrx_word' id='word_1_95' title='bbox 1248 1541 1297 1580; x_wconf 90' lang='lat' dir='ltr'><strong>ne-</strong></span> 
     </span>
     <span class='ocr_line' id='line_1_15' title="bbox 174 1603 1297 1686; baseline 0.001 -18"><span class='ocrx_word' id='word_1_96' title='bbox 174 1630 230 1685; x_wconf 90' lang='lat' dir='ltr'><strong>que</strong></span> <span class='ocrx_word' id='word_1_97' title='bbox 249 1631 316 1668; x_wconf 89' lang='lat' dir='ltr'><strong>vero</strong></span> <span class='ocrx_word' id='word_1_98' title='bbox 335 1629 399 1668; x_wconf 91' lang='lat' dir='ltr'><strong>cum</strong></span> <span class='ocrx_word' id='word_1_99' title='bbox 412 1614 579 1669; x_wconf 85' lang='lat' dir='ltr'><strong>Hermanno</strong></span> <span class='ocrx_word' id='word_1_100' title='bbox 598 1614 686 1670; x_wconf 90' lang='lat' dir='ltr'><strong>verba</strong></span> <span class='ocrx_word' id='word_1_101' title='bbox 705 1609 821 1669; x_wconf 72' lang='grc' dir='ltr'><strong><em>εἴδωλον</em></strong></span> <span class='ocrx_word' id='word_1_102' title='bbox 836 1605 933 1686; x_wconf 78' lang='grc' dir='ltr'><strong><em>Ἄργον</em></strong></span> <span class='ocrx_word' id='word_1_103' title='bbox 952 1618 1095 1684; x_wconf 79' lang='grc' dir='ltr'><em>γηγενοῦς,</em></span> <span class='ocrx_word' id='word_1_104' title='bbox 1114 1603 1196 1668; x_wconf 76' lang='lat' dir='ltr'><strong>eliaca</strong></span> <span class='ocrx_word' id='word_1_105' title='bbox 1215 1616 1249 1668; x_wconf 81' lang='grc' dir='ltr'><strong>δᾶ</strong></span> <span class='ocrx_word' id='word_1_106' title='bbox 1268 1621 1297 1670; x_wconf 88' lang='lat' dir='ltr'><strong>et</strong></span> 
     </span>
     <span class='ocr_line' id='line_1_16' title="bbox 174 1693 1296 1775; baseline 0.001 -18"><span class='ocrx_word' id='word_1_107' title='bbox 174 1703 365 1757; x_wconf 89' lang='lat' dir='ltr'><strong>Weckleinio:</strong></span> <span class='ocrx_word' id='word_1_108' title='bbox 394 1697 511 1757; x_wconf 74' lang='grc' dir='ltr'><strong><em>εἴδωλον</em></strong></span> <span class='ocrx_word' id='word_1_109' title='bbox 530 1693 627 1775; x_wconf 80' lang='grc' dir='ltr'><strong><em>Ἄργον</em></strong></span> <span class='ocrx_word' id='word_1_110' title='bbox 649 1708 797 1773; x_wconf 80' lang='grc' dir='ltr'><em>γηγενοῦς,</em></span> <span class='ocrx_word' id='word_1_111' title='bbox 825 1697 900 1758; x_wconf 80' lang='grc' dir='ltr'><strong><em>ἄλευ’</em></strong></span> <span class='ocrx_word' id='word_1_112' title='bbox 920 1693 937 1757; x_wconf 79' lang='grc' dir='ltr'><em>ἆ</em></span> <span class='ocrx_word' id='word_1_113' title='bbox 960 1706 995 1758; x_wconf 84' lang='grc' dir='ltr'><strong>δᾶ</strong></span> <span class='ocrx_word' id='word_1_114' title='bbox 1018 1704 1048 1757; x_wconf 94' lang='lat' dir='ltr'><strong>in</strong></span> <span class='ocrx_word' id='word_1_115' title='bbox 1069 1703 1224 1758; x_wconf 90' lang='lat' dir='ltr'><strong>iambicum</strong></span> <span class='ocrx_word' id='word_1_116' title='bbox 1246 1705 1296 1758; x_wconf 89' lang='lat' dir='ltr'><strong>tri-</strong></span> 
     </span>
     <span class='ocr_line' id='line_1_17' title="bbox 174 1787 1295 1864; baseline 0.004 -20"><span class='ocrx_word' id='word_1_117' title='bbox 174 1797 297 1846; x_wconf 79' lang='lat' dir='ltr'><strong>metrum</strong></span> <span class='ocrx_word' id='word_1_118' title='bbox 315 1791 455 1862; x_wconf 85' lang='lat' dir='ltr'><strong>redigam,</strong></span> <span class='ocrx_word' id='word_1_119' title='bbox 480 1809 532 1847; x_wconf 92' lang='lat' dir='ltr'><strong>nec</strong></span> <span class='ocrx_word' id='word_1_120' title='bbox 551 1792 694 1847; x_wconf 89' lang='lat' dir='ltr'><strong>Dindcrfii</strong></span> <span class='ocrx_word' id='word_1_121' title='bbox 713 1793 853 1848; x_wconf 87' lang='lat' dir='ltr'><strong>rationem</strong></span> <span class='ocrx_word' id='word_1_122' title='bbox 872 1792 1005 1864; x_wconf 88' lang='lat' dir='ltr'><strong>probem,</strong></span> <span class='ocrx_word' id='word_1_123' title='bbox 1029 1794 1079 1863; x_wconf 93' lang='lat' dir='ltr'><strong>qui</strong></span> <span class='ocrx_word' id='word_1_124' title='bbox 1097 1793 1223 1864; x_wconf 91' lang='lat' dir='ltr'><strong>scripsit:</strong></span> <span class='ocrx_word' id='word_1_125' title='bbox 1247 1787 1295 1848; x_wconf 81' lang='lat' dir='ltr'><strong>el&#39;d.</strong></span> 
     </span>
     <span class='ocr_line' id='line_1_18' title="bbox 171 1870 1294 1952; baseline 0.001 -19"><span class='ocrx_word' id='word_1_126' title='bbox 171 1874 224 1952; x_wconf 78' lang='grc' dir='ltr'><strong>Ἄρ.</strong></span> <span class='ocrx_word' id='word_1_127' title='bbox 242 1898 303 1950; x_wconf 89' lang='grc' dir='ltr'><em>γηγ.</em></span> <span class='ocrx_word' id='word_1_128' title='bbox 322 1870 397 1945; x_wconf 76' lang='grc' dir='ltr'><strong><em>ἄλεν,</em></strong></span> <span class='ocrx_word' id='word_1_129' title='bbox 416 1883 451 1934; x_wconf 84' lang='grc' dir='ltr'><strong>δᾶ</strong></span> <span class='ocrx_word' id='word_1_130' title='bbox 468 1882 566 1952; x_wconf 90' lang='lat' dir='ltr'><strong>itaque</strong></span> <span class='ocrx_word' id='word_1_131' title='bbox 580 1887 637 1936; x_wconf 90' lang='lat' dir='ltr'><strong>tres</strong></span> <span class='ocrx_word' id='word_1_132' title='bbox 656 1882 800 1937; x_wconf 80' lang='lat' dir='ltr'><strong>trimetros</strong></span> <span class='ocrx_word' id='word_1_133' title='bbox 818 1888 990 1952; x_wconf 87' lang='lat' dir='ltr'><strong>syncopatos</strong></span> <span class='ocrx_word' id='word_1_134' title='bbox 1003 1898 1032 1936; x_wconf 86' lang='lat' dir='ltr'><strong>se</strong></span> <span class='ocrx_word' id='word_1_135' title='bbox 1050 1883 1182 1952; x_wconf 82' lang='lat' dir='ltr'><strong>excipere</strong></span> <span class='ocrx_word' id='word_1_136' title='bbox 1196 1881 1294 1942; x_wconf 84' lang='lat' dir='ltr'><strong>voluit,</strong></span> 
     </span>
     <span class='ocr_line' id='line_1_19' title="bbox 175 1969 1295 2041; baseline 0.002 -19"><span class='ocrx_word' id='word_1_137' title='bbox 175 1984 232 2038; x_wconf 89' lang='lat' dir='ltr'><strong>qua</strong></span> <span class='ocrx_word' id='word_1_138' title='bbox 253 1969 283 2022; x_wconf 92' lang='lat' dir='ltr'><strong>in</strong></span> <span class='ocrx_word' id='word_1_139' title='bbox 306 1985 336 2023; x_wconf 91' lang='lat' dir='ltr'><strong>re</strong></span> <span class='ocrx_word' id='word_1_140' title='bbox 361 1969 502 2024; x_wconf 88' lang='lat' dir='ltr'><strong>fautorem</strong></span> <span class='ocrx_word' id='word_1_141' title='bbox 525 1971 636 2025; x_wconf 87' lang='lat' dir='ltr'><strong>invenit</strong></span> <span class='ocrx_word' id='word_1_142' title='bbox 655 1971 918 2040; x_wconf 80' lang='lat' dir='ltr'><strong>Heimsoethium.³)</strong></span> <span class='ocrx_word' id='word_1_143' title='bbox 954 1969 1055 2041; x_wconf 89' lang='lat' dir='ltr'><strong>Neque</strong></span> <span class='ocrx_word' id='word_1_144' title='bbox 1079 1970 1165 2024; x_wconf 92' lang='lat' dir='ltr'><strong>etiam</strong></span> <span class='ocrx_word' id='word_1_145' title='bbox 1186 1969 1295 2024; x_wconf 89' lang='lat' dir='ltr'><strong>coniec-</strong></span> 
     </span>
     <span class='ocr_line' id='line_1_20' title="bbox 173 2057 1296 2130; baseline 0.002 -20"><span class='ocrx_word' id='word_1_146' title='bbox 173 2057 246 2111; x_wconf 82' lang='lat' dir='ltr'><strong>turis</strong></span> <span class='ocrx_word' id='word_1_147' title='bbox 264 2073 336 2127; x_wconf 89' lang='lat' dir='ltr'><strong>opus</strong></span> <span class='ocrx_word' id='word_1_148' title='bbox 349 2063 400 2112; x_wconf 83' lang='lat' dir='ltr'><strong>est.</strong></span> <span class='ocrx_word' id='word_1_149' title='bbox 438 2057 555 2113; x_wconf 85' lang='lat' dir='ltr'><strong>Scilicet</strong></span> <span class='ocrx_word' id='word_1_150' title='bbox 567 2058 691 2113; x_wconf 90' lang='lat' dir='ltr'><strong>Medicei</strong></span> <span class='ocrx_word' id='word_1_151' title='bbox 710 2062 854 2129; x_wconf 81' lang='grc' dir='ltr'><strong><em>φοβοῦμαι</em></strong></span> <span class='ocrx_word' id='word_1_152' title='bbox 871 2065 937 2130; x_wconf 88' lang='lat' dir='ltr'><strong>post</strong></span> <span class='ocrx_word' id='word_1_153' title='bbox 956 2061 991 2112; x_wconf 74' lang='lat' dir='ltr'><strong>oc</strong></span> <span class='ocrx_word' id='word_1_154' title='bbox 1009 2057 1231 2130; x_wconf 84' lang='lat' dir='ltr'><strong>expungendum</strong></span> <span class='ocrx_word' id='word_1_155' title='bbox 1245 2064 1296 2126; x_wconf 87' lang='lat' dir='ltr'><strong>est,</strong></span> 
     </span>
     <span class='ocr_line' id='line_1_21' title="bbox 175 2144 1297 2217; baseline 0.003 -19"><span class='ocrx_word' id='word_1_156' title='bbox 175 2144 251 2215; x_wconf 93' lang='lat' dir='ltr'><strong>quod</strong></span> <span class='ocrx_word' id='word_1_157' title='bbox 275 2162 372 2200; x_wconf 88' lang='lat' dir='ltr'><strong>omnes</strong></span> <span class='ocrx_word' id='word_1_158' title='bbox 396 2153 510 2217; x_wconf 89' lang='lat' dir='ltr'><strong>praeter</strong></span> <span class='ocrx_word' id='word_1_159' title='bbox 528 2147 740 2202; x_wconf 88' lang='lat' dir='ltr'><strong>Blomfieldium</strong></span> <span class='ocrx_word' id='word_1_160' title='bbox 759 2147 902 2213; x_wconf 77' lang='lat' dir='ltr'><strong>fecenmt3</strong></span> <span class='ocrx_word' id='word_1_161' title='bbox 927 2153 988 2201; x_wconf 87' lang='lat' dir='ltr'><strong>tum</strong></span> <span class='ocrx_word' id='word_1_162' title='bbox 1011 2146 1153 2202; x_wconf 86' lang='lat' dir='ltr'><strong>diiambus</strong></span> <span class='ocrx_word' id='word_1_163' title='bbox 1176 2147 1297 2215; x_wconf 82' lang='lat' dir='ltr'><strong>exsistit,</strong></span> 
     </span>
     <span class='ocr_line' id='line_1_22' title="bbox 175 2234 1297 2307; baseline 0.004 -21"><span class='ocrx_word' id='word_1_164' title='bbox 175 2234 225 2304; x_wconf 91' lang='lat' dir='ltr'><strong>qui</strong></span> <span class='ocrx_word' id='word_1_165' title='bbox 249 2235 279 2287; x_wconf 92' lang='lat' dir='ltr'><strong>in</strong></span> <span class='ocrx_word' id='word_1_166' title='bbox 302 2234 347 2288; x_wconf 89' lang='lat' dir='ltr'><strong>his</strong></span> <span class='ocrx_word' id='word_1_167' title='bbox 365 2234 460 2290; x_wconf 89' lang='lat' dir='ltr'><strong>verbis</strong></span> <span class='ocrx_word' id='word_1_168' title='bbox 482 2235 657 2292; x_wconf 88' lang='lat' dir='ltr'><strong>turbulentis</strong></span> <span class='ocrx_word' id='word_1_169' title='bbox 676 2253 709 2290; x_wconf 89' lang='lat' dir='ltr'><strong>ac</strong></span> <span class='ocrx_word' id='word_1_170' title='bbox 729 2237 880 2292; x_wconf 87' lang='lat' dir='ltr'><strong>concitatis</strong></span> <span class='ocrx_word' id='word_1_171' title='bbox 903 2238 1011 2307; x_wconf 87' lang='lat' dir='ltr'><strong>optimo</strong></span> <span class='ocrx_word' id='word_1_172' title='bbox 1030 2237 1091 2290; x_wconf 90' lang='lat' dir='ltr'><strong>iure</strong></span> <span class='ocrx_word' id='word_1_173' title='bbox 1110 2237 1205 2290; x_wconf 89' lang='lat' dir='ltr'><strong>locum</strong></span> <span class='ocrx_word' id='word_1_174' title='bbox 1222 2234 1297 2290; x_wconf 90' lang='lat' dir='ltr'><strong>obti-</strong></span> 
     </span>
     <span class='ocr_line' id='line_1_23' title="bbox 174 2325 1297 2398; baseline 0.002 -22"><span class='ocrx_word' id='word_1_175' title='bbox 174 2329 237 2392; x_wconf 90' lang='lat' dir='ltr'><strong>net,</strong></span> <span class='ocrx_word' id='word_1_176' title='bbox 264 2339 331 2377; x_wconf 92' lang='lat' dir='ltr'><strong>nam</strong></span> <span class='ocrx_word' id='word_1_177' title='bbox 357 2329 417 2378; x_wconf 92' lang='lat' dir='ltr'><strong>tres</strong></span> <span class='ocrx_word' id='word_1_178' title='bbox 441 2341 549 2394; x_wconf 87' lang='lat' dir='ltr'><strong>versus,</strong></span> <span class='ocrx_word' id='word_1_179' title='bbox 578 2326 627 2396; x_wconf 92' lang='lat' dir='ltr'><strong>qui</strong></span> <span class='ocrx_word' id='word_1_180' title='bbox 651 2325 737 2396; x_wconf 91' lang='lat' dir='ltr'><strong>plane</strong></span> <span class='ocrx_word' id='word_1_181' title='bbox 760 2342 844 2397; x_wconf 86' lang='lat' dir='ltr'><strong>pares</strong></span> <span class='ocrx_word' id='word_1_182' title='bbox 867 2330 909 2398; x_wconf 82' lang='lat' dir='ltr'><strong>(ut</strong></span> <span class='ocrx_word' id='word_1_183' title='bbox 931 2325 1098 2380; x_wconf 83' lang='lat' dir='ltr'><strong>Dindorfiue</strong></span> <span class='ocrx_word' id='word_1_184' title='bbox 1122 2325 1223 2394; x_wconf 87' lang='lat' dir='ltr'><strong>voluit)</strong></span> <span class='ocrx_word' id='word_1_185' title='bbox 1247 2331 1297 2379; x_wconf 93' lang='lat' dir='ltr'><strong>aut</strong></span> 
     </span>
     <span class='ocr_line' id='line_1_24' title="bbox 174 2412 1298 2488; baseline 0.003 -22"><span class='ocrx_word' id='word_1_186' title='bbox 174 2412 279 2488; x_wconf 86' lang='lat' dir='ltr'><strong>similes</strong></span> <span class='ocrx_word' id='word_1_187' title='bbox 299 2416 342 2484; x_wconf 80' lang='lat' dir='ltr'><strong>(ut</strong></span> <span class='ocrx_word' id='word_1_188' title='bbox 360 2413 523 2469; x_wconf 85' lang='lat' dir='ltr'><strong>Hermanno</strong></span> <span class='ocrx_word' id='word_1_189' title='bbox 543 2421 572 2469; x_wconf 91' lang='lat' dir='ltr'><strong>et</strong></span> <span class='ocrx_word' id='word_1_190' title='bbox 591 2415 695 2469; x_wconf 92' lang='lat' dir='ltr'><strong>Weilio</strong></span> <span class='ocrx_word' id='word_1_191' title='bbox 714 2415 806 2472; x_wconf 84' lang='lat' dir='ltr'><strong>visum</strong></span> <span class='ocrx_word' id='word_1_192' title='bbox 825 2417 878 2485; x_wconf 82' lang='lat' dir='ltr'><strong>est)</strong></span> <span class='ocrx_word' id='word_1_193' title='bbox 897 2415 967 2484; x_wconf 91' lang='lat' dir='ltr'><strong>sint,</strong></span> <span class='ocrx_word' id='word_1_194' title='bbox 989 2414 1141 2486; x_wconf 85' lang='lat' dir='ltr'><strong>languidos</strong></span> <span class='ocrx_word' id='word_1_195' title='bbox 1159 2431 1219 2468; x_wconf 88' lang='lat' dir='ltr'><strong>esse</strong></span> <span class='ocrx_word' id='word_1_196' title='bbox 1239 2430 1298 2470; x_wconf 91' lang='lat' dir='ltr'><strong>cre·</strong></span> 
     </span>
     <span class='ocr_line' id='line_1_25' title="bbox 174 2499 1298 2574; baseline 0.003 -20"><span class='ocrx_word' id='word_1_197' title='bbox 174 2499 308 2570; x_wconf 89' lang='lat' dir='ltr'><strong>diderim,</strong></span> <span class='ocrx_word' id='word_1_198' title='bbox 331 2503 418 2557; x_wconf 91' lang='lat' dir='ltr'><strong>immo</strong></span> <span class='ocrx_word' id='word_1_199' title='bbox 436 2503 466 2556; x_wconf 95' lang='lat' dir='ltr'><strong>in</strong></span> <span class='ocrx_word' id='word_1_200' title='bbox 486 2503 615 2558; x_wconf 90' lang='lat' dir='ltr'><strong>oratione</strong></span> <span class='ocrx_word' id='word_1_201' title='bbox 638 2504 761 2568; x_wconf 86' lang='lat' dir='ltr'><strong>hominis</strong></span> <span class='ocrx_word' id='word_1_202' title='bbox 781 2504 876 2558; x_wconf 89' lang='lat' dir='ltr'><strong>furore</strong></span> <span class='ocrx_word' id='word_1_203' title='bbox 895 2503 1035 2574; x_wconf 84' lang='lat' dir='ltr'><strong>exagitati</strong></span> <span class='ocrx_word' id='word_1_204' title='bbox 1058 2502 1154 2557; x_wconf 88' lang='lat' dir='ltr'><strong>subito</strong></span> <span class='ocrx_word' id='word_1_205' title='bbox 1173 2519 1298 2557; x_wconf 91' lang='lat' dir='ltr'><strong>commu·</strong></span> 
     </span>
     <span class='ocr_line' id='line_1_26' title="bbox 174 2589 875 2650; baseline 0.004 -7"><span class='ocrx_word' id='word_1_206' title='bbox 174 2589 315 2644; x_wconf 90' lang='lat' dir='ltr'><strong>tationem</strong></span> <span class='ocrx_word' id='word_1_207' title='bbox 333 2591 364 2644; x_wconf 92' lang='lat' dir='ltr'><strong>in</strong></span> <span class='ocrx_word' id='word_1_208' title='bbox 382 2608 515 2646; x_wconf 82' lang='lat' dir='ltr'><strong>versuum</strong></span> <span class='ocrx_word' id='word_1_209' title='bbox 534 2591 632 2646; x_wconf 88' lang='lat' dir='ltr'><strong>formis</strong></span> <span class='ocrx_word' id='word_1_210' title='bbox 651 2592 718 2650; x_wconf 55' lang='lat' dir='ltr'><strong>fieri.</strong></span> <span class='ocrx_word' id='word_1_211' title='bbox 731 2591 875 2646; x_wconf 89' lang='lat' dir='ltr'><strong>conducit.</strong></span> 
     </span>
    </p>

    <p class='ocr_par' dir='ltr' id='par_1_7' title="bbox 174 2669 1299 3468">
     <span class='ocr_line' id='line_1_27' title="bbox 263 2669 1298 2750; baseline 0 -16"><span class='ocrx_word' id='word_1_212' title='bbox 263 2680 350 2735; x_wconf 84' lang='lat' dir='ltr'><strong>Pers.</strong></span> <span class='ocrx_word' id='word_1_213' title='bbox 369 2679 437 2734; x_wconf 73' lang='lat'><strong>5712</strong></span> <span class='ocrx_word' id='word_1_214' title='bbox 462 2673 568 2750; x_wconf 78' lang='grc' dir='ltr'><strong>οὐράνι’</strong></span> <span class='ocrx_word' id='word_1_215' title='bbox 588 2669 648 2749; x_wconf 79' lang='grc' dir='ltr'><em>ἄχη.</em></span> <span class='ocrx_word' id='word_1_216' title='bbox 684 2680 883 2735; x_wconf 83' lang='lat' dir='ltr'><strong>Rectissimam</strong></span> <span class='ocrx_word' id='word_1_217' title='bbox 902 2681 977 2734; x_wconf 87' lang='lat' dir='ltr'><strong>viam</strong></span> <span class='ocrx_word' id='word_1_218' title='bbox 1001 2680 1120 2750; x_wconf 85' lang='lat' dir='ltr'><strong>ingressi</strong></span> <span class='ocrx_word' id='word_1_219' title='bbox 1139 2687 1206 2734; x_wconf 85' lang='lat' dir='ltr'><strong>aunt</strong></span> <span class='ocrx_word' id='word_1_220' title='bbox 1224 2681 1298 2735; x_wconf 88' lang='lat' dir='ltr'><strong>Her-</strong></span> 
     </span>
     <span class='ocr_line' id='line_1_28' title="bbox 174 2762 1298 2840; baseline 0.004 -20"><span class='ocrx_word' id='word_1_221' title='bbox 174 2784 295 2821; x_wconf 86' lang='lat' dir='ltr'><strong>mannus</strong></span> <span class='ocrx_word' id='word_1_222' title='bbox 314 2773 344 2822; x_wconf 91' lang='lat' dir='ltr'><strong>et</strong></span> <span class='ocrx_word' id='word_1_223' title='bbox 362 2767 528 2834; x_wconf 80' lang='lat' dir='ltr'><strong>Schillerus,</strong></span> <span class='ocrx_word' id='word_1_224' title='bbox 548 2769 597 2838; x_wconf 93' lang='lat' dir='ltr'><strong>qui</strong></span> <span class='ocrx_word' id='word_1_225' title='bbox 616 2768 689 2822; x_wconf 89' lang='lat' dir='ltr'><strong>illud</strong></span> <span class='ocrx_word' id='word_1_226' title='bbox 709 2762 751 2834; x_wconf 84' lang='grc' dir='ltr'><strong>ὀᾶ,</strong></span> <span class='ocrx_word' id='word_1_227' title='bbox 770 2774 803 2822; x_wconf 91' lang='lat' dir='ltr'><strong>ut</strong></span> <span class='ocrx_word' id='word_1_228' title='bbox 822 2769 879 2822; x_wconf 91' lang='lat' dir='ltr'><strong>iam</strong></span> <span class='ocrx_word' id='word_1_229' title='bbox 897 2786 964 2840; x_wconf 84' lang='lat' dir='ltr'><strong>pag.</strong></span> <span class='ocrx_word' id='word_1_230' title='bbox 984 2770 1000 2823; x_wconf 87' lang='lat'><strong>6</strong></span> <span class='ocrx_word' id='word_1_231' title='bbox 1019 2769 1155 2838; x_wconf 83' lang='lat' dir='ltr'><strong>vidimus,</strong></span> <span class='ocrx_word' id='word_1_232' title='bbox 1179 2787 1196 2824; x_wconf 90' lang='lat' dir='ltr'><strong>a</strong></span> <span class='ocrx_word' id='word_1_233' title='bbox 1215 2786 1298 2824; x_wconf 86' lang='lat' dir='ltr'><strong>versu</strong></span> 
     </span>
     <span class='ocr_line' id='line_1_29' title="bbox 175 2856 1298 2928; baseline 0.001 -18"><span class='ocrx_word' id='word_1_234' title='bbox 175 2863 392 2928; x_wconf 82' lang='lat' dir='ltr'><strong>separaverunt,</strong></span> <span class='ocrx_word' id='word_1_235' title='bbox 416 2873 488 2912; x_wconf 81' lang='lat' dir='ltr'><strong>cum.</strong></span> <span class='ocrx_word' id='word_1_236' title='bbox 500 2857 646 2926; x_wconf 77' lang='lat' dir='ltr'><strong>Weilius⁴)</strong></span> <span class='ocrx_word' id='word_1_237' title='bbox 667 2863 696 2911; x_wconf 93' lang='lat' dir='ltr'><strong>et</strong></span> <span class='ocrx_word' id='word_1_238' title='bbox 714 2856 933 2928; x_wconf 68' lang='lat' dir='ltr'><strong>Rossbachiusl)</strong></span> <span class='ocrx_word' id='word_1_239' title='bbox 957 2858 1186 2913; x_wconf 87' lang='lat' dir='ltr'><strong>interiectionem</strong></span> <span class='ocrx_word' id='word_1_240' title='bbox 1205 2857 1298 2928; x_wconf 91' lang='lat' dir='ltr'><strong>dupli-</strong></span> 
     </span>
     <span class='ocr_line' id='line_1_30' title="bbox 175 2944 1298 3017; baseline 0.001 -18"><span class='ocrx_word' id='word_1_241' title='bbox 175 2950 269 3004; x_wconf 83' lang='lat' dir='ltr'><strong>catam</strong></span> <span class='ocrx_word' id='word_1_242' title='bbox 288 2945 325 2999; x_wconf 87' lang='lat' dir='ltr'><strong>ad</strong></span> <span class='ocrx_word' id='word_1_243' title='bbox 344 2962 456 3000; x_wconf 88' lang='lat' dir='ltr'><strong>versum</strong></span> <span class='ocrx_word' id='word_1_244' title='bbox 475 2944 627 3014; x_wconf 84' lang='lat' dir='ltr'><strong>adderent,</strong></span> <span class='ocrx_word' id='word_1_245' title='bbox 650 2951 683 3007; x_wconf 83' lang='lat' dir='ltr'><strong>ut</strong></span> <span class='ocrx_word' id='word_1_246' title='bbox 702 2946 822 3002; x_wconf 87' lang='lat' dir='ltr'><strong>dimeter</strong></span> <span class='ocrx_word' id='word_1_247' title='bbox 840 2947 979 3001; x_wconf 89' lang='lat' dir='ltr'><strong>iambicus</strong></span> <span class='ocrx_word' id='word_1_248' title='bbox 999 2946 1159 3017; x_wconf 80' lang='lat' dir='ltr'><strong>oreretur.⁶)</strong></span> <span class='ocrx_word' id='word_1_249' title='bbox 1196 2947 1298 3002; x_wconf 88' lang='lat' dir='ltr'><strong>Weck-</strong></span> 
     </span>
     <span class='ocr_line' id='line_1_31' title="bbox 175 3027 1297 3108; baseline 0.003 -22"><span class='ocrx_word' id='word_1_250' title='bbox 175 3033 278 3096; x_wconf 88' lang='lat' dir='ltr'><strong>leinius</strong></span> <span class='ocrx_word' id='word_1_251' title='bbox 297 3039 393 3088; x_wconf 89' lang='lat' dir='ltr'><strong>autem</strong></span> <span class='ocrx_word' id='word_1_252' title='bbox 408 3035 510 3089; x_wconf 90' lang='lat' dir='ltr'><strong>mirum</strong></span> <span class='ocrx_word' id='word_1_253' title='bbox 528 3035 559 3088; x_wconf 90' lang='lat' dir='ltr'><strong>in</strong></span> <span class='ocrx_word' id='word_1_254' title='bbox 577 3034 693 3088; x_wconf 93' lang='lat' dir='ltr'><strong>modum</strong></span> <span class='ocrx_word' id='word_1_255' title='bbox 705 3035 794 3090; x_wconf 90' lang='lat' dir='ltr'><strong>verba</strong></span> <span class='ocrx_word' id='word_1_256' title='bbox 813 3037 853 3090; x_wconf 89' lang='lat' dir='ltr'><strong>sic</strong></span> <span class='ocrx_word' id='word_1_257' title='bbox 872 3035 998 3090; x_wconf 84' lang='lat' dir='ltr'><strong>diduxit:</strong></span> <span class='ocrx_word' id='word_1_258' title='bbox 1018 3029 1052 3089; x_wconf 80' lang='grc' dir='ltr'><strong><em>οὐ</em></strong></span> <span class='ocrx_word' id='word_1_259' title='bbox 1069 3039 1073 3105; x_wconf 75' lang='lat'>1</span> <span class='ocrx_word' id='word_1_260' title='bbox 1089 3028 1160 3108; x_wconf 82' lang='grc' dir='ltr'><strong><em>ράνι’</em></strong></span> <span class='ocrx_word' id='word_1_261' title='bbox 1175 3027 1235 3104; x_wconf 81' lang='grc' dir='ltr'><strong><em>ἄχη,</em></strong></span> <span class='ocrx_word' id='word_1_262' title='bbox 1255 3029 1297 3090; x_wconf 84' lang='grc' dir='ltr'><strong>ὀᾶ.</strong></span> 
     </span>
     <span class='ocr_line' id='line_1_32' title="bbox 175 3116 1299 3202; baseline 0 -26"><span class='ocrx_word' id='word_1_263' title='bbox 175 3123 216 3202; x_wconf 51' lang='lat' dir='ltr'><strong>git</strong></span> <span class='ocrx_word' id='word_1_264' title='bbox 234 3139 357 3190; x_wconf 88' lang='lat' dir='ltr'><strong>causam,</strong></span> <span class='ocrx_word' id='word_1_265' title='bbox 381 3139 431 3177; x_wconf 91' lang='lat' dir='ltr'><strong>cur</strong></span> <span class='ocrx_word' id='word_1_266' title='bbox 450 3116 485 3177; x_wconf 86' lang='grc' dir='ltr'><strong>ὀᾶ</strong></span> <span class='ocrx_word' id='word_1_267' title='bbox 503 3129 663 3195; x_wconf 89' lang='lat' dir='ltr'><strong>repetatur,</strong></span> <span class='ocrx_word' id='word_1_268' title='bbox 687 3141 744 3179; x_wconf 92' lang='lat' dir='ltr'><strong>non</strong></span> <span class='ocrx_word' id='word_1_269' title='bbox 764 3125 857 3189; x_wconf 90' lang='lat' dir='ltr'><strong>video,</strong></span> <span class='ocrx_word' id='word_1_270' title='bbox 880 3142 948 3178; x_wconf 88' lang='lat' dir='ltr'><strong>nam</strong></span> <span class='ocrx_word' id='word_1_271' title='bbox 967 3124 1064 3191; x_wconf 89' lang='lat' dir='ltr'><strong>adea,</strong></span> <span class='ocrx_word' id='word_1_272' title='bbox 1089 3140 1162 3195; x_wconf 91' lang='lat' dir='ltr'><strong>quae</strong></span> <span class='ocrx_word' id='word_1_273' title='bbox 1181 3124 1299 3195; x_wconf 80' lang='lat' dir='ltr'><strong>stropha</strong></span> 
     </span>
     <span class='ocr_line' id='line_1_33' title="bbox 175 3199 1298 3288; baseline 0.002 -24"><span class='ocrx_word' id='word_1_274' title='bbox 175 3199 318 3288; x_wconf 80' lang='lat' dir='ltr'><strong>continet,</strong></span> <span class='ocrx_word' id='word_1_275' title='bbox 349 3211 563 3268; x_wconf 90' lang='lat' dir='ltr'><strong>interiectiones</strong></span> <span class='ocrx_word' id='word_1_276' title='bbox 593 3220 658 3285; x_wconf 86' lang='lat' dir='ltr'><strong>post</strong></span> <span class='ocrx_word' id='word_1_277' title='bbox 686 3231 784 3280; x_wconf 89' lang='lat' dir='ltr'><strong>versus</strong></span> <span class='ocrx_word' id='word_1_278' title='bbox 814 3214 942 3284; x_wconf 89' lang='lat' dir='ltr'><strong>singulos</strong></span> <span class='ocrx_word' id='word_1_279' title='bbox 972 3212 1160 3268; x_wconf 88' lang='lat' dir='ltr'><strong>intercalatae</strong></span> <span class='ocrx_word' id='word_1_280' title='bbox 1191 3214 1298 3284; x_wconf 87' lang='lat' dir='ltr'><strong>optime</strong></span> 
     </span>
     <span class='ocr_line' id='line_1_34' title="bbox 175 3301 1299 3374; baseline 0.003 -21"><span class='ocrx_word' id='word_1_281' title='bbox 175 3316 284 3354; x_wconf 90' lang='lat' dir='ltr'><strong>morsus</strong></span> <span class='ocrx_word' id='word_1_282' title='bbox 301 3316 380 3356; x_wconf 86' lang='lat' dir='ltr'><strong>acres</strong></span> <span class='ocrx_word' id='word_1_283' title='bbox 399 3301 504 3357; x_wconf 92' lang='lat' dir='ltr'><strong>doloris</strong></span> <span class='ocrx_word' id='word_1_284' title='bbox 519 3303 679 3374; x_wconf 83' lang='lat' dir='ltr'><strong>depingunt</strong></span> <span class='ocrx_word' id='word_1_285' title='bbox 698 3320 791 3373; x_wconf 86' lang='lat' dir='ltr'><strong>neque</strong></span> <span class='ocrx_word' id='word_1_286' title='bbox 811 3303 958 3373; x_wconf 83' lang='lat' dir='ltr'><strong>intellegc,</strong></span> <span class='ocrx_word' id='word_1_287' title='bbox 979 3302 1120 3373; x_wconf 93' lang='lat' dir='ltr'><strong>quomodo</strong></span> <span class='ocrx_word' id='word_1_288' title='bbox 1133 3302 1299 3357; x_wconf 87' lang='lat' dir='ltr'><strong>Dindorfius</strong></span> 
     </span>
     <span class='ocr_line' id='line_1_35' title="bbox 175 3388 890 3468; baseline 0.007 -27"><span class='ocrx_word' id='word_1_289' title='bbox 175 3388 279 3468; x_wconf 81' lang='lat' dir='ltr'><strong>bacin</strong></span> <span class='ocrx_word' id='word_1_290' title='bbox 297 3406 328 3443; x_wconf 88' lang='lat' dir='ltr'><strong>re</strong></span> <span class='ocrx_word' id='word_1_291' title='bbox 347 3389 464 3445; x_wconf 88' lang='lat' dir='ltr'><strong>haerere</strong></span> <span class='ocrx_word' id='word_1_292' title='bbox 484 3391 582 3461; x_wconf 87' lang='lat' dir='ltr'><strong>possit.</strong></span> <span class='ocrx_word' id='word_1_293' title='bbox 888 3399 890 3403; x_wconf 75' lang='grc'>’</span> 
     </span>
    </p>

    <p class='ocr_par' dir='ltr' id='par_1_8' title="bbox 317 3471 1208 3729">
     <span class='ocr_line' id='line_1_36' title="bbox 317 3471 1151 3552; baseline 0.004 -23"><span class='ocrx_word' id='word_1_294' title='bbox 317 3502 515 3532; x_wconf 72' lang='grc' dir='ltr'><strong>-υυ-υυ-</strong></span> <span class='ocrx_word' id='word_1_295' title='bbox 543 3479 547 3549; x_wconf 83' lang='grc' dir='ltr'>Ι</span> <span class='ocrx_word' id='word_1_296' title='bbox 575 3525 592 3533; x_wconf 89' lang='grc'>-</span> <span class='ocrx_word' id='word_1_297' title='bbox 621 3481 624 3549; x_wconf 78' lang='lat' dir='ltr'><strong>l</strong></span> <span class='ocrx_word' id='word_1_298' title='bbox 659 3481 702 3533; x_wconf 81' lang='grc' dir='ltr'><strong><em>τοὶ</em></strong></span> <span class='ocrx_word' id='word_1_299' title='bbox 722 3471 802 3552; x_wconf 74' lang='grc' dir='ltr'><strong><em>δ’ἄρα</em></strong></span> <span class='ocrx_word' id='word_1_300' title='bbox 821 3477 1010 3552; x_wconf 73' lang='grc' dir='ltr'><strong><em>πρωτόμοροι,</em></strong></span> <span class='ocrx_word' id='word_1_301' title='bbox 1029 3525 1047 3534; x_wconf 95' lang='grc'><strong><em>-</em></strong></span> <span class='ocrx_word' id='word_1_302' title='bbox 1067 3483 1151 3546; x_wconf 83' lang='grc' dir='ltr'><strong>φεῦ-</strong></span> 
     </span>
     <span class='ocr_line' id='line_1_37' title="bbox 317 3557 1183 3639; baseline -0.002 -21"><span class='ocrx_word' id='word_1_303' title='bbox 317 3582 512 3621; x_wconf 76' lang='grc' dir='ltr'><strong>-ῡ-υυ-υ</strong></span> <span class='ocrx_word' id='word_1_304' title='bbox 540 3573 544 3634; x_wconf 89' lang='grc' dir='ltr'>Ι</span> <span class='ocrx_word' id='word_1_305' title='bbox 572 3594 619 3630; x_wconf 66' lang='grc' dir='ltr'><strong>,μ</strong></span> <span class='ocrx_word' id='word_1_306' title='bbox 647 3571 651 3636; x_wconf 92' lang='grc' dir='ltr'>Ι</span> <span class='ocrx_word' id='word_1_307' title='bbox 685 3567 848 3636; x_wconf 70' lang='grc' dir='ltr'><strong><em>λειφθέντες</em></strong></span> <span class='ocrx_word' id='word_1_308' title='bbox 865 3564 938 3639; x_wconf 82' lang='grc' dir='ltr'><strong><em>πρὸς</em></strong></span> <span class='ocrx_word' id='word_1_309' title='bbox 955 3557 1183 3636; x_wconf 79' lang='grc' dir='ltr'><strong>ἀνάγκαν-ἦε’-</strong></span> 
     </span>
     <span class='ocr_line' id='line_1_38' title="bbox 318 3647 1208 3729; baseline -0.004 -21"><span class='ocrx_word' id='word_1_310' title='bbox 318 3672 515 3729; x_wconf 63' lang='grc' dir='ltr'><strong>Ι.ῡ.ιιυ.ῡ</strong></span> <span class='ocrx_word' id='word_1_311' title='bbox 542 3660 546 3727; x_wconf 90' lang='grc' dir='ltr'>Ι</span> <span class='ocrx_word' id='word_1_312' title='bbox 574 3683 621 3712; x_wconf 79' lang='lat' dir='ltr'><strong>o-</strong></span> <span class='ocrx_word' id='word_1_313' title='bbox 650 3661 654 3727; x_wconf 86' lang='grc' dir='ltr'>Ι</span> <span class='ocrx_word' id='word_1_314' title='bbox 688 3647 1140 3726; x_wconf 76' lang='grc' dir='ltr'><strong><em>ἄκτὰςοῖμφὶΚνχρείας.ὀο”ι-</em></strong></span> <span class='ocrx_word' id='word_1_315' title='bbox 1203 3663 1208 3670; x_wconf 76' lang='grc'><strong>“</strong></span> 
     </span>
    </p>
   </div>
   <div class='ocr_carea' id='block_1_4' title="bbox 175 3726 864 3816">
    <p class='ocr_par' dir='ltr' id='par_1_9' title="bbox 175 3726 864 3816">
     <span class='ocr_line' id='line_1_39' title="bbox 175 3726 864 3816; baseline 0.006 -16"><span class='ocrx_word' id='word_1_316' title='bbox 175 3726 249 3800; x_wconf 82' lang='lat' dir='ltr'><strong>tum:</strong></span> <span class='ocrx_word' id='word_1_317' title='bbox 317 3755 453 3799; x_wconf 73' lang='grc' dir='ltr'><strong>-ουυ-</strong></span> <span class='ocrx_word' id='word_1_318' title='bbox 481 3749 486 3814; x_wconf 88' lang='grc' dir='ltr'>Ι</span> <span class='ocrx_word' id='word_1_319' title='bbox 513 3737 864 3816; x_wconf 31' lang='grc' dir='ltr'><strong><em>υ.οι)ροἰνι’ἄχη-ὀᾶ-ι</em></strong></span> 
     </span>
    </p>
   </div>
   <div class='ocr_carea' id='block_1_5' title="bbox 176 3846 1300 4320">
    <p class='ocr_par' dir='ltr' id='par_1_10' title="bbox 176 3846 1300 4320">
     <span class='ocr_line' id='line_1_40' title="bbox 267 3846 1299 3924; baseline -0.007 -18"><span class='ocrx_word' id='word_1_320' title='bbox 267 3853 293 3923; x_wconf 86' lang='grc'><strong>1)</strong></span> <span class='ocrx_word' id='word_1_321' title='bbox 312 3852 348 3906; x_wconf 85' lang='lat' dir='ltr'><strong>cf.</strong></span> <span class='ocrx_word' id='word_1_322' title='bbox 362 3852 525 3922; x_wconf 81' lang='lat' dir='ltr'><strong>Christium,</strong></span> <span class='ocrx_word' id='word_1_323' title='bbox 537 3854 621 3909; x_wconf 91' lang='lat' dir='ltr'><strong>Metr.</strong></span> <span class='ocrx_word' id='word_1_324' title='bbox 635 3870 701 3924; x_wconf 82' lang='lat' dir='ltr'><strong>pag.</strong></span> <span class='ocrx_word' id='word_1_325' title='bbox 715 3853 757 3906; x_wconf 85' lang='lat'><strong>40.</strong></span> <span class='ocrx_word' id='word_1_326' title='bbox 778 3883 811 3891; x_wconf 99' lang='lat'><em>-</em></span> <span class='ocrx_word' id='word_1_327' title='bbox 831 3851 858 3920; x_wconf 89' lang='grc'><strong>2)</strong></span> <span class='ocrx_word' id='word_1_328' title='bbox 876 3850 907 3904; x_wconf 91' lang='lat' dir='ltr'><strong>in</strong></span> <span class='ocrx_word' id='word_1_329' title='bbox 918 3848 1024 3904; x_wconf 93' lang='lat' dir='ltr'><strong>Philol.</strong></span> <span class='ocrx_word' id='word_1_330' title='bbox 1037 3846 1150 3914; x_wconf 88' lang='lat' dir='ltr'><strong>XXIII,</strong></span> <span class='ocrx_word' id='word_1_331' title='bbox 1161 3862 1227 3917; x_wconf 88' lang='lat' dir='ltr'><strong>pag.</strong></span> <span class='ocrx_word' id='word_1_332' title='bbox 1238 3846 1299 3914; x_wconf 82' lang='lat'><strong>206,</strong></span> 
     </span>
     <span class='ocr_line' id='line_1_41' title="bbox 176 3925 1300 4004; baseline -0.006 -18"><span class='ocrx_word' id='word_1_333' title='bbox 176 3932 241 3987; x_wconf 90' lang='lat' dir='ltr'><strong>adn.</strong></span> <span class='ocrx_word' id='word_1_334' title='bbox 262 3934 308 3998; x_wconf 86' lang='lat'><strong>19;</strong></span> <span class='ocrx_word' id='word_1_335' title='bbox 333 3932 369 3988; x_wconf 84' lang='lat' dir='ltr'><strong>cf.</strong></span> <span class='ocrx_word' id='word_1_336' title='bbox 390 3933 514 4004; x_wconf 85' lang='lat' dir='ltr'><strong>„Kleine</strong></span> <span class='ocrx_word' id='word_1_337' title='bbox 529 3933 701 3997; x_wconf 77' lang='lat' dir='ltr'><strong>Schriften“,</strong></span> <span class='ocrx_word' id='word_1_338' title='bbox 727 3948 793 4002; x_wconf 84' lang='lat' dir='ltr'><strong>pag.</strong></span> <span class='ocrx_word' id='word_1_339' title='bbox 811 3930 874 3998; x_wconf 83' lang='lat'><strong>419,</strong></span> <span class='ocrx_word' id='word_1_340' title='bbox 895 3929 937 3984; x_wconf 85' lang='lat'><strong>19.</strong></span> <span class='ocrx_word' id='word_1_341' title='bbox 960 3961 995 3970; x_wconf 95' lang='lat'>-</span> <span class='ocrx_word' id='word_1_342' title='bbox 1018 3929 1045 3998; x_wconf 81' lang='grc'><strong>3)</strong></span> <span class='ocrx_word' id='word_1_343' title='bbox 1066 3925 1300 3984; x_wconf 89' lang='lat' dir='ltr'><strong>Wiederherstel·</strong></span> 
     </span>
     <span class='ocr_line' id='line_1_42' title="bbox 176 4000 1299 4084; baseline -0.007 -18"><span class='ocrx_word' id='word_1_344' title='bbox 176 4013 247 4084; x_wconf 84' lang='lat' dir='ltr'><strong>lung</strong></span> <span class='ocrx_word' id='word_1_345' title='bbox 270 4012 321 4067; x_wconf 89' lang='lat' dir='ltr'><strong>der</strong></span> <span class='ocrx_word' id='word_1_346' title='bbox 344 4013 471 4068; x_wconf 89' lang='lat' dir='ltr'><strong>Dramen</strong></span> <span class='ocrx_word' id='word_1_347' title='bbox 493 4012 544 4067; x_wconf 85' lang='lat' dir='ltr'><strong>des</strong></span> <span class='ocrx_word' id='word_1_348' title='bbox 566 4000 710 4080; x_wconf 67' lang='lat' dir='ltr'><strong>alschylus</strong></span> <span class='ocrx_word' id='word_1_349' title='bbox 729 4027 793 4081; x_wconf 85' lang='lat' dir='ltr'><strong>pag.</strong></span> <span class='ocrx_word' id='word_1_350' title='bbox 814 4010 875 4065; x_wconf 80' lang='lat'>330.</span> <span class='ocrx_word' id='word_1_351' title='bbox 900 4040 933 4049; x_wconf 94' lang='lat'><em>-</em></span> <span class='ocrx_word' id='word_1_352' title='bbox 956 4010 984 4078; x_wconf 82' lang='lat'><strong>4)</strong></span> <span class='ocrx_word' id='word_1_353' title='bbox 1003 4007 1071 4063; x_wconf 88' lang='lat' dir='ltr'><strong>edit.</strong></span> <span class='ocrx_word' id='word_1_354' title='bbox 1090 4006 1200 4062; x_wconf 89' lang='lat' dir='ltr'><strong>Teubn.</strong></span> <span class='ocrx_word' id='word_1_355' title='bbox 1221 4006 1299 4061; x_wconf 84' lang='lat'>1891.</span> 
     </span>
     <span class='ocr_line' id='line_1_43' title="bbox 177 4087 1299 4163; baseline -0.006 -16"><span class='ocrx_word' id='word_1_356' title='bbox 177 4093 204 4162; x_wconf 82' lang='lat'><strong>5)</strong></span> <span class='ocrx_word' id='word_1_357' title='bbox 222 4092 307 4147; x_wconf 88' lang='lat' dir='ltr'><strong>Metr.</strong></span> <span class='ocrx_word' id='word_1_358' title='bbox 330 4109 396 4163; x_wconf 84' lang='lat' dir='ltr'><strong>pag.</strong></span> <span class='ocrx_word' id='word_1_359' title='bbox 416 4094 477 4148; x_wconf 82' lang='lat'><strong>679.</strong></span> <span class='ocrx_word' id='word_1_360' title='bbox 502 4123 535 4131; x_wconf 99' lang='lat'><em>-</em></span> <span class='ocrx_word' id='word_1_361' title='bbox 564 4091 590 4161; x_wconf 82' lang='grc'><strong>6)</strong></span> <span class='ocrx_word' id='word_1_362' title='bbox 610 4091 646 4145; x_wconf 87' lang='lat' dir='ltr'><strong>cf.</strong></span> <span class='ocrx_word' id='word_1_363' title='bbox 666 4089 849 4144; x_wconf 88' lang='lat' dir='ltr'><strong>Dindorfium</strong></span> <span class='ocrx_word' id='word_1_364' title='bbox 867 4090 898 4143; x_wconf 94' lang='lat' dir='ltr'><strong>in</strong></span> <span class='ocrx_word' id='word_1_365' title='bbox 916 4088 1021 4143; x_wconf 92' lang='lat' dir='ltr'><strong>Philol.</strong></span> <span class='ocrx_word' id='word_1_366' title='bbox 1041 4087 1131 4156; x_wconf 91' lang='lat' dir='ltr'><strong>XIII,</strong></span> <span class='ocrx_word' id='word_1_367' title='bbox 1149 4103 1214 4158; x_wconf 78' lang='lat' dir='ltr'><strong>pag.</strong></span> <span class='ocrx_word' id='word_1_368' title='bbox 1234 4087 1299 4152; x_wconf 80' lang='lat'>477;</span> 
     </span>
     <span class='ocr_line' id='line_1_44' title="bbox 177 4167 1300 4243; baseline -0.005 -17"><span class='ocrx_word' id='word_1_369' title='bbox 177 4171 302 4242; x_wconf 80' lang='lat' dir='ltr'><strong>aeschyl.</strong></span> <span class='ocrx_word' id='word_1_370' title='bbox 313 4171 447 4243; x_wconf 81' lang='lat' dir='ltr'><strong>Chorges.</strong></span> <span class='ocrx_word' id='word_1_371' title='bbox 466 4187 531 4242; x_wconf 79' lang='lat' dir='ltr'><strong>pag.</strong></span> <span class='ocrx_word' id='word_1_372' title='bbox 541 4171 588 4224; x_wconf 81' lang='lat'><strong>23:</strong></span> <span class='ocrx_word' id='word_1_373' title='bbox 611 4170 722 4240; x_wconf 82' lang='lat' dir='ltr'><strong>„semer</strong></span> <span class='ocrx_word' id='word_1_374' title='bbox 735 4169 771 4223; x_wconf 90' lang='lat' dir='ltr'><strong>ist</strong></span> <span class='ocrx_word' id='word_1_375' title='bbox 784 4169 867 4224; x_wconf 89' lang='lat' dir='ltr'><strong>nicht</strong></span> <span class='ocrx_word' id='word_1_376' title='bbox 878 4168 1059 4235; x_wconf 81' lang='lat' dir='ltr'><strong>einausehen,</strong></span> <span class='ocrx_word' id='word_1_377' title='bbox 1072 4185 1179 4224; x_wconf 84' lang='lat' dir='ltr'><strong>warum</strong></span> <span class='ocrx_word' id='word_1_378' title='bbox 1192 4167 1223 4221; x_wconf 94' lang='lat' dir='ltr'><strong>in</strong></span> <span class='ocrx_word' id='word_1_379' title='bbox 1235 4167 1300 4222; x_wconf 89' lang='lat' dir='ltr'><strong>dem</strong></span> 
     </span>
     <span class='ocr_line' id='line_1_45' title="bbox 176 4247 1299 4320; baseline -0.005 -13"><span class='ocrx_word' id='word_1_380' title='bbox 176 4251 266 4307; x_wconf 81' lang='lat' dir='ltr'><strong>Verse</strong></span> <span class='ocrx_word' id='word_1_381' title='bbox 279 4252 341 4306; x_wconf 90' lang='lat' dir='ltr'><strong>drei</strong></span> <span class='ocrx_word' id='word_1_382' title='bbox 353 4253 373 4307; x_wconf 92' lang='lat' dir='ltr'><strong>J</strong></span> <span class='ocrx_word' id='word_1_383' title='bbox 374 4251 477 4306; x_wconf 89' lang='lat' dir='ltr'><strong>amben</strong></span> <span class='ocrx_word' id='word_1_384' title='bbox 490 4256 561 4304; x_wconf 88' lang='lat' dir='ltr'><strong>statt</strong></span> <span class='ocrx_word' id='word_1_385' title='bbox 574 4250 652 4306; x_wconf 88' lang='lat' dir='ltr'><strong>eines</strong></span> <span class='ocrx_word' id='word_1_386' title='bbox 665 4249 810 4320; x_wconf 78' lang='lat' dir='ltr'><strong>kristigen</strong></span> <span class='ocrx_word' id='word_1_387' title='bbox 822 4249 919 4306; x_wconf 82' lang='lat' dir='ltr'><strong>vollen</strong></span> <span class='ocrx_word' id='word_1_388' title='bbox 931 4250 1075 4304; x_wconf 88' lang='lat' dir='ltr'><strong>Dimeters</strong></span> <span class='ocrx_word' id='word_1_389' title='bbox 1087 4254 1197 4320; x_wconf 86' lang='lat' dir='ltr'><strong>geaetzt</strong></span> <span class='ocrx_word' id='word_1_390' title='bbox 1210 4247 1299 4302; x_wconf 85' lang='lat' dir='ltr'><strong>sind.“</strong></span> 
     </span>
    </p>
   </div>
   <div class='ocr_carea' id='block_1_6' title="bbox 0 0 1597 5060">
    <p class='ocr_par' dir='ltr' id='par_1_11' title="bbox 0 0 1597 5060">
     <span class='ocr_line' id='line_1_46' title="bbox 0 0 1597 5060; baseline 0 0"><span class='ocrx_word' id='word_1_391' title='bbox 0 0 1597 5060; x_wconf 95' lang='lat' dir='ltr'><strong> </strong></span> 
     </span>
    </p>
   </div>
  </div>
 </body>
</html>
