3176 5060
729 237 949 293 „82-

621 407 652 462 O.
673 406 778 461 iambi
798 413 831 462 et
850 404 1057 478 logaoedici.

440 508 468 576 a)
491 505 588 575 iambi,
608 504 712 576 quibus
730 521 804 559 nnus
822 503 1006 575 logaoedious
1023 502 1170 557 immixtus
1189 507 1242 558 est.

369 614 451 684 Sept.
472 615 540 670 7172

280 697 393 758 ἐπειδὰν
412 697 589 766 αὐτοκτόνως

281 788 459 847 αότοόόῖκτοι
478 785 586 846 θάνωσι

280 885 326 937 καὶ
345 878 410 952 γαΐα
428 878 505 945 κόνις
522 882 572 950 πίῃ

281 969 460 1042 μελαμπαγὲς
477 964 546 1039 αἷμα
564 972 682 1040 φοίνιον,

282 1063 322 1126 τίς
340 1051 375 1115 όν
393 1054 558 1133 καθαρμοὺς·
576 1056 668 1132 πόροι,

281 1152 323 1216 τίς
340 1141 375 1204 όν
394 1165 448 1219 σφε
465 1146 591 1205 λούσειεν
595 1170 607 1215 ,·
626 1141 649 1203 ὦ
1024 1175 1042 1202 υ
1052 1181 1070 1189 -
1082 1175 1101 1202 υ
1114 1183 1148 1201 μ
1161 1181 1178 1190 -
1190 1175 1209 1202 υ
1220 1181 1237 1189 -

282 1237 363 1296 πόνοι
382 1238 479 1308 δόμων
496 1239 555 1294 νέοι
573 1244 713 1295 παλαιοῖσι
733 1247 877 1309 συμμιγεῖς
894 1247 998 1303 κακοῖς.
1024 1264 1236 1314 υ-,υ-ο-ὀμ.
1248 1271 1265 1279 -
1276 1265 1410 1291 o-o-o-

371 1331 527 1401 Postquam
546 1331 582 1385 V.
603 1333 615 1384 1
637 1330 756 1386 verbum
775 1323 954 1394 αὐτοκτόνως
976 1328 1149 1395 audivimus,
1173 1328 1268 1383 simile
1289 1328 1410 1382 verbum

282 1419 418 1491 sequitur,
437 1419 579 1474 cuiusvis
590 1420 652 1474 hac
670 1437 701 1474 re
720 1425 851 1490 augetur,
870 1417 947 1489 quod
966 1435 1023 1472 non
1042 1417 1157 1473 iambici
1176 1435 1276 1472 versus
1295 1417 1410 1490 pedem,

282 1508 330 1564 sad
355 1508 514 1579 logaoedici
543 1509 660 1584 explet,⁴
683 1508 864 1580 (dactylum),
893 1524 948 1580 quo
974 1507 1090 1578 dactylo
1114 1507 1201 1562 animi
1225 1506 1409 1562 audientium

282 1599 372 1668 magis
384 1599 516 1653 feruntur
535 1604 564 1652 et
581 1599 742 1674 rapiuntur,
762 1615 846 1669 quam
866 1597 961 1653 iambo
976 1596 1065 1666 nudo,
1080 1613 1152 1650 nam
1164 1597 1317 1652 insolitum
1336 1595 1408 1650 illud

283 1693 369 1758 atque
391 1687 571 1758 inopinatum
594 1688 641 1740 hic
663 1687 785 1763 multum
807 1689 895 1740 iuvat.
932 1685 1079 1751 (letarum,
1104 1685 1256 1756 quodiam
1277 1685 1408 1761 Ohocph.

283 1776 391 1846 419f20,
410 1776 519 1847 424l25,
538 1776 647 1846 440141,
667 1776 744 1847 Sept.
766 1775 818 1830 888
837 1775 1062 1844 observavimus,
1085 1776 1171 1829 etiam
1190 1775 1220 1829 in
1239 1775 1319 1830 hanc
1338 1780 1410 1829 stro-

283 1865 370 1936 pham
388 1866 473 1932 cadit,
494 1883 550 1938 qua
568 1867 638 1920 item
657 1865 714 1920 duo
726 1881 823 1920 versus
842 1871 991 1936 apparent,
1011 1865 1060 1936 qui
1078 1864 1306 1936 parallelismum
1320 1881 1408 1936 queu-

282 1955 348 2010 dam
368 1972 436 2026 prae
455 1972 484 2009 se
505 1955 613 2010 ferunt:
633 1955 669 2010 V.
689 1957 705 2009 5
726 1960 755 2010 et
774 1955 799 2008 6.

358 2098 387 2169 b)
406 2099 502 2165 iambi,
523 2116 593 2170 quos
612 2099 772 2170 logaoedici
791 2098 910 2180 diversis
928 2099 1027 2166 ¹formis
1046 2099 1140 2152 induti
1159 2105 1330 2168 sequuntur.

372 2197 478 2267 Suppl.
498 2200 565 2253 773:

443 2281 501 2352 ἴυζε
519 2280 543 2340 d'
563 2279 666 2353 όμφόιν,
685 2281 803 2359 οὐράνια
1047 2299 1307 2339 υ-υ-ῡ-υου
1395 2286 1405 2336 l

443 2372 512 2444 με’λη
530 2369 626 2429 λιτανὰ
644 2378 734 2430 θεοῖσι
753 2377 801 2429 καί
1024 2387 1307 2428 ·υ-υσυυ-υ-

446 2462 525 2518 τέλεα
544 2463 664 2530 δέπας,
683 2455 823 2532 πελόμενά
841 2484 890 2533 μοι
1049 2475 1337 2520 νόου-νοου-

444 2550 556 2621 λόσιμαῐ
573 2547 667 2623 μάχαν
686 2549 709 2609 δ’
730 2548 816 2619 ἔπιδε,
835 2549 933 2625 πάτερ,
1049 2564 1338 2606 occo-occo!

443 2643 519 2714 βιαιο
537 2639 576 2711 μή
595 2647 677 2712 pape
695 2635 771 2714 ὅροι

444 2723 566 2800 ὄμμασιν
584 2729 709 2796 ἐνδίκοις.

445 2823 555 2893 σεβίζου
575 2818 694 2887 δ’ἱκέτας
713 2820 808 2886 σέθεν,
986 2893 988 2900 ⁴

357 2919 360 2924 '
445 2909 558 2981 γαιάοχε
577 2910 735 2983 παγκρατὲς
754 2915 808 2965 Ζεῦ
1050 2930 1083 2964 α.
1096 2944 1113 2953 -
1173 2939 1174 2944 =
1259 2930 1268 2948 ¹
1309 2930 1318 2950 ι
1389 2911 1405 2962 8

373 3001 442 3054 Post
466 3002 592 3072 quinque
616 3001 752 3058 diffletros
775 3002 912 3056 iambicos
940 3003 1142 3073 pherecrateus
1170 3004 1317 3072 catalect,
1344 3007 1405 3055 tum

284 3090 440 3162 glyconeus
464 3091 503 3161 (in
532 3108 587 3162 quo
612 3092 695 3161 primi
724 3092 852 3146 trochaei
876 3092 938 3146 vice
962 3090 1084 3168 iambus¹
1097 3091 1237 3163 fungitur)
1261 3098 1405 3164 postremo

284 3180 459 3253 pentapodia
477 3180 644 3251 logaoedica
659 3182 743 3252 (quae
757 3187 870 3236 constat
889 3199 926 3236 ex
944 3183 1080 3237 trochaeo
1093 3188 1260 3252 syncopat0,
1279 3181 1404 3252 dactylo,

284 3271 375 3325 tribus
398 3270 553 3342 trochaeis,
582 3287 702 3342 quorum
730 3271 825 3326 ultimi
849 3271 1000 3342 syncopati
1028 3275 1104 3340 sunt)
1132 3277 1303 3342 sequuntur,
1332 3285 1405 3342 quae

285 3351 465 3414 numerorum
484 3357 652 3430 compositio
667 3361 814 3430 aptissima
833 3365 876 3414 est
896 3360 931 3414 ad
945 3361 1151 3436 sententiarum
1170 3377 1320 3430 conexum,
1339 3374 1403 3413 nam

284 3447 416 3518 iambos,¹
434 3447 554 3519 quorum
578 3447 734 3504 solutiones
757 3450 888 3504 timorem
907 3456 941 3505 'et
965 3449 1211 3520 perturbationem
1235 3458 1265 3504 et
1288 3463 1403 3520 precum

284 3537 414 3593 ardorem
433 3539 605 3608 exprimunt,
624 3539 779 3609 glyconeus
799 3540 915 3610 excipit,
935 3541 984 3611 qui
1004 3540 1094 3610 magis
1107 3540 1193 3593 sacris
1212 3539 1402 3610 gravibusque

285 3627 369 3682 rebus
388 3627 554 3692 adhibetur;
573 3628 630 3681 iam
648 3628 750 3682 ultimo
764 3646 847 3682 versu
866 3630 1020 3684 concitatio
1033 3629 1159 3699 priorum
1172 3646 1304 3683 versuum
1323 3624 1401 3692 abiit,

286 3716 361 3787 quod
381 3721 474 3780 τοναῖς
491 3715 643 3783 indicatur,
663 3722 693 3772 et
711 3717 773 3786 ipso
791 3718 821 3770 in
841 3718 954 3772 nomine
973 3718 1054 3774 Jovis
1074 3716 1246 3788 appellando
1265 3711 1401 3786 tranquil-

284 3806 350 3860 litas
374 3806 462 3859 animi
489 3807 617 3876 superior
640 3806 777 3861 discessit.
818 3807 914 3862 Etiam
943 3808 989 3862 hic
1017 3807 1161 3862 auditores
1188 3814 1350 3874 moventur,
1378 3801 1400 3856 si

285 3913 388 3950 nomen
400 3895 489 3964 Jovis,
509 3895 638 3950 ultimam
651 3913 759 3965 vocem,
778 3897 950 3968 percipiunt,
970 3914 1042 3968 quae
1057 3898 1105 3951 hic
1118 3897 1217 3952 eodem
1236 3895 1319 3952 modo
1338 3895 1401 3964 post

285 3985 478 4056 appositiones
498 3991 527 4039 et
546 3985 676 4056 epitheta
694 3987 826 4055 occurrit,
846 4004 879 4041 ac
899 3986 998 4058 Suppl.
1018 3989 1070 4041 574

747 4068 842 4148 οὔριος
861 4079 1052 4134 Ζεῦ-ομ

606 4166 711 4232 collato
731 4165 866 4219 hocloco
950 4149 952 4183 ¹
998 4138 1001 4226 i
1042 4139 1045 4227 i

682 4253 840 4325 παγκρατὲς
857 4257 940 4310 Ζεῦ-
953 4283 969 4307 c
983 4269 1017 4305 Δ
1031 4271 1064 4306 α.
