<?xml version="1.0" encoding="UTF-8"?>
<!DOCTYPE html PUBLIC "-//W3C//DTD XHTML 1.0 Transitional//EN"
    "http://www.w3.org/TR/xhtml1/DTD/xhtml1-transitional.dtd">
<html xmlns="http://www.w3.org/1999/xhtml" xml:lang="en" lang="en">
 <head>
  <title>
</title>
<meta http-equiv="Content-Type" content="text/html;charset=utf-8" />
  <meta name='ocr-system' content='tesseract 3.04.00' />
  <meta name='ocr-capabilities' content='ocr_page ocr_carea ocr_par ocr_line ocrx_word'/>
</head>
<body>
  <div class='ocr_page' id='page_1' title='image "./deversuumiambic00preugoog_0098.png"; bbox 0 0 3176 5060; ppageno 0'>
   <div class='ocr_carea' id='block_1_1' title="bbox 674 266 893 329">
    <p class='ocr_par' dir='ltr' id='par_1_1' title="bbox 674 266 893 329">
     <span class='ocr_line' id='line_1_1' title="bbox 674 266 893 329; baseline -0.005 -17"><span class='ocrx_word' id='word_1_1' title='bbox 674 266 893 329; x_wconf 73' lang='lat'>-93-</span> 
     </span>
    </p>
   </div>
   <div class='ocr_carea' id='block_1_2' title="bbox 226 435 1346 1319">
    <p class='ocr_par' dir='ltr' id='par_1_2' title="bbox 226 435 1346 1319">
     <span class='ocr_line' id='line_1_2' title="bbox 226 435 1345 514; baseline -0.004 -17"><span class='ocrx_word' id='word_1_2' title='bbox 226 441 455 513; x_wconf 79' lang='lat' dir='ltr'><strong>interrumpitur,</strong></span> <span class='ocrx_word' id='word_1_3' title='bbox 478 442 528 497; x_wconf 92' lang='lat' dir='ltr'>sed</span> <span class='ocrx_word' id='word_1_4' title='bbox 550 437 740 514; x_wconf 82' lang='lat' dir='ltr'>aequabiliter</span> <span class='ocrx_word' id='word_1_5' title='bbox 758 441 897 514; x_wconf 81' lang='lat' dir='ltr'>procedit.</span> <span class='ocrx_word' id='word_1_6' title='bbox 918 435 1090 513; x_wconf 82' lang='grc' dir='ltr'><strong><em>(άχείματον)</em></strong></span> <span class='ocrx_word' id='word_1_7' title='bbox 1114 441 1170 497; x_wconf 79' lang='lat' dir='ltr'>sed</span> <span class='ocrx_word' id='word_1_8' title='bbox 1190 442 1247 496; x_wconf 86' lang='lat' dir='ltr'>iarn</span> <span class='ocrx_word' id='word_1_9' title='bbox 1265 441 1345 496; x_wconf 88' lang='grc' dir='ltr'><strong><em>τοναί</em></strong></span> 
     </span>
     <span class='ocr_line' id='line_1_3' title="bbox 226 527 1346 603; baseline -0.002 -17"><span class='ocrx_word' id='word_1_10' title='bbox 226 533 272 602; x_wconf 86' lang='lat' dir='ltr'>(V.</span> <span class='ocrx_word' id='word_1_11' title='bbox 292 534 371 602; x_wconf 81' lang='grc'>4-6)</span> <span class='ocrx_word' id='word_1_12' title='bbox 391 533 527 599; x_wconf 87' lang='lat' dir='ltr'>existunt,</span> <span class='ocrx_word' id='word_1_13' title='bbox 550 533 608 586; x_wconf 88' lang='lat' dir='ltr'>iam</span> <span class='ocrx_word' id='word_1_14' title='bbox 626 530 755 602; x_wconf 78' lang='lat' dir='ltr'>syllabae</span> <span class='ocrx_word' id='word_1_15' title='bbox 774 531 931 603; x_wconf 90' lang='lat' dir='ltr'>productae</span> <span class='ocrx_word' id='word_1_16' title='bbox 949 531 980 585; x_wconf 92' lang='lat' dir='ltr'>in</span> <span class='ocrx_word' id='word_1_17' title='bbox 998 527 1166 602; x_wconf 76' lang='grc' dir='ltr'><strong><em>παντάρχας,</em></strong></span> <span class='ocrx_word' id='word_1_18' title='bbox 1184 527 1346 596; x_wconf 80' lang='grc' dir='ltr'><strong><em>παντόπτας</em></strong></span> 
     </span>
     <span class='ocr_line' id='line_1_4' title="bbox 227 616 1344 693; baseline -0.002 -17"><span class='ocrx_word' id='word_1_19' title='bbox 227 621 393 692; x_wconf 77' lang='lat' dir='ltr'><strong>rhythmum</strong></span> <span class='ocrx_word' id='word_1_20' title='bbox 411 621 632 678; x_wconf 82' lang='lat' dir='ltr'>descendentem</span> <span class='ocrx_word' id='word_1_21' title='bbox 653 616 801 676; x_wconf 87' lang='lat' dir='ltr'>imminere</span> <span class='ocrx_word' id='word_1_22' title='bbox 819 627 1019 693; x_wconf 80' lang='lat' dir='ltr'>praemonent,</span> <span class='ocrx_word' id='word_1_23' title='bbox 1043 621 1141 692; x_wconf 88' lang='lat' dir='ltr'>quire</span> <span class='ocrx_word' id='word_1_24' title='bbox 1160 637 1228 676; x_wconf 85' lang='lat' dir='ltr'>vera</span> <span class='ocrx_word' id='word_1_25' title='bbox 1246 622 1276 675; x_wconf 92' lang='lat' dir='ltr'>in</span> <span class='ocrx_word' id='word_1_26' title='bbox 1296 621 1344 675; x_wconf 90' lang='lat' dir='ltr'>tri·</span> 
     </span>
     <span class='ocr_line' id='line_1_5' title="bbox 227 709 1344 782; baseline 0.001 -18"><span class='ocrx_word' id='word_1_27' title='bbox 227 710 313 782; x_wconf 89' lang='lat' dir='ltr'>podia</span> <span class='ocrx_word' id='word_1_28' title='bbox 339 711 486 766; x_wconf 89' lang='lat' dir='ltr'>trochaica</span> <span class='ocrx_word' id='word_1_29' title='bbox 509 711 555 781; x_wconf 91' lang='lat' dir='ltr'>(V.</span> <span class='ocrx_word' id='word_1_30' title='bbox 575 712 602 781; x_wconf 81' lang='lat'>7)</span> <span class='ocrx_word' id='word_1_31' title='bbox 631 716 758 782; x_wconf 89' lang='lat' dir='ltr'>apparet.</span> <span class='ocrx_word' id='word_1_32' title='bbox 805 711 879 766; x_wconf 83' lang='lat' dir='ltr'>Tum</span> <span class='ocrx_word' id='word_1_33' title='bbox 906 709 1089 781; x_wconf 82' lang='lat' dir='ltr'>logaoedicus</span> <span class='ocrx_word' id='word_1_34' title='bbox 1116 710 1256 778; x_wconf 76' lang='lat' dir='ltr'>succedit,</span> <span class='ocrx_word' id='word_1_35' title='bbox 1284 711 1344 781; x_wconf 89' lang='lat' dir='ltr'>(qni</span> 
     </span>
     <span class='ocr_line' id='line_1_6' title="bbox 228 793 1345 871; baseline 0.002 -17"><span class='ocrx_word' id='word_1_36' title='bbox 228 805 340 855; x_wconf 89' lang='lat' dir='ltr'>constat</span> <span class='ocrx_word' id='word_1_37' title='bbox 358 817 395 854; x_wconf 87' lang='lat' dir='ltr'>ex</span> <span class='ocrx_word' id='word_1_38' title='bbox 413 799 524 855; x_wconf 86' lang='lat' dir='ltr'>duobus</span> <span class='ocrx_word' id='word_1_39' title='bbox 542 800 684 856; x_wconf 80' lang='lat' dir='ltr'>trochaeis</span> <span class='ocrx_word' id='word_1_40' title='bbox 705 801 836 871; x_wconf 89' lang='lat' dir='ltr'>[quorum</span> <span class='ocrx_word' id='word_1_41' title='bbox 853 800 927 855; x_wconf 89' lang='lat' dir='ltr'>alter</span> <span class='ocrx_word' id='word_1_42' title='bbox 945 805 1119 871; x_wconf 78' lang='lat' dir='ltr'>syncopatos</span> <span class='ocrx_word' id='word_1_43' title='bbox 1137 799 1201 870; x_wconf 85' lang='lat' dir='ltr'>eat]‚</span> <span class='ocrx_word' id='word_1_44' title='bbox 1220 793 1345 870; x_wconf 83' lang='lat' dir='ltr'>dactylo,</span> 
     </span>
     <span class='ocr_line' id='line_1_7' title="bbox 228 887 1344 961; baseline 0.002 -19"><span class='ocrx_word' id='word_1_45' title='bbox 228 889 382 960; x_wconf 66' lang='lat' dir='ltr'>trochaeo)</span> <span class='ocrx_word' id='word_1_46' title='bbox 406 907 489 961; x_wconf 91' lang='lat' dir='ltr'>quem</span> <span class='ocrx_word' id='word_1_47' title='bbox 508 890 671 944; x_wconf 88' lang='lat' dir='ltr'>trochaicus</span> <span class='ocrx_word' id='word_1_48' title='bbox 689 889 810 944; x_wconf 89' lang='lat' dir='ltr'>dimeter</span> <span class='ocrx_word' id='word_1_49' title='bbox 829 890 931 961; x_wconf 90' lang='lat' dir='ltr'>(primo</span> <span class='ocrx_word' id='word_1_50' title='bbox 949 889 1022 961; x_wconf 91' lang='lat' dir='ltr'>pede</span> <span class='ocrx_word' id='word_1_51' title='bbox 1041 891 1130 960; x_wconf 80' lang='lat' dir='ltr'>sync.)</span> <span class='ocrx_word' id='word_1_52' title='bbox 1148 887 1280 944; x_wconf 88' lang='lat' dir='ltr'>catalect.</span> <span class='ocrx_word' id='word_1_53' title='bbox 1300 907 1344 944; x_wconf 90' lang='lat' dir='ltr'>sn-</span> 
     </span>
     <span class='ocr_line' id='line_1_8' title="bbox 228 977 1344 1049; baseline 0 -17"><span class='ocrx_word' id='word_1_54' title='bbox 228 977 284 1044; x_wconf 92' lang='lat' dir='ltr'>bit,</span> <span class='ocrx_word' id='word_1_55' title='bbox 307 978 388 1033; x_wconf 91' lang='lat' dir='ltr'>cuius</span> <span class='ocrx_word' id='word_1_56' title='bbox 407 978 524 1034; x_wconf 90' lang='lat' dir='ltr'>ultimae</span> <span class='ocrx_word' id='word_1_57' title='bbox 544 978 673 1049; x_wconf 87' lang='lat' dir='ltr'>syllabae</span> <span class='ocrx_word' id='word_1_58' title='bbox 692 984 840 1049; x_wconf 88' lang='lat' dir='ltr'>correptae</span> <span class='ocrx_word' id='word_1_59' title='bbox 860 995 942 1034; x_wconf 89' lang='lat' dir='ltr'>aures</span> <span class='ocrx_word' id='word_1_60' title='bbox 960 978 997 1032; x_wconf 89' lang='lat' dir='ltr'>ad</span> <span class='ocrx_word' id='word_1_61' title='bbox 1016 978 1168 1034; x_wconf 88' lang='lat' dir='ltr'>dimetrum</span> <span class='ocrx_word' id='word_1_62' title='bbox 1191 978 1344 1033; x_wconf 86' lang='lat' dir='ltr'>iambicum</span> 
     </span>
     <span class='ocr_line' id='line_1_9' title="bbox 228 1067 1346 1140; baseline 0.002 -18"><span class='ocrx_word' id='word_1_63' title='bbox 228 1067 353 1123; x_wconf 87' lang='lat' dir='ltr'>solutum</span> <span class='ocrx_word' id='word_1_64' title='bbox 372 1074 555 1140; x_wconf 88' lang='lat' dir='ltr'>praeparant,</span> <span class='ocrx_word' id='word_1_65' title='bbox 575 1085 631 1139; x_wconf 89' lang='lat' dir='ltr'>qno</span> <span class='ocrx_word' id='word_1_66' title='bbox 644 1085 728 1123; x_wconf 83' lang='lat' dir='ltr'>versu</span> <span class='ocrx_word' id='word_1_67' title='bbox 746 1068 866 1137; x_wconf 88' lang='lat' dir='ltr'>numeri,</span> <span class='ocrx_word' id='word_1_68' title='bbox 885 1069 935 1139; x_wconf 91' lang='lat' dir='ltr'>qui</span> <span class='ocrx_word' id='word_1_69' title='bbox 953 1068 990 1123; x_wconf 92' lang='lat' dir='ltr'>ab</span> <span class='ocrx_word' id='word_1_70' title='bbox 1009 1068 1092 1125; x_wconf 90' lang='lat' dir='ltr'>initio</span> <span class='ocrx_word' id='word_1_71' title='bbox 1107 1070 1207 1139; x_wconf 86' lang='lat' dir='ltr'>(usque</span> <span class='ocrx_word' id='word_1_72' title='bbox 1220 1068 1257 1122; x_wconf 89' lang='lat' dir='ltr'>ad</span> <span class='ocrx_word' id='word_1_73' title='bbox 1269 1069 1305 1124; x_wconf 90' lang='lat' dir='ltr'>V.</span> <span class='ocrx_word' id='word_1_74' title='bbox 1318 1069 1346 1139; x_wconf 82' lang='lat'>6)</span> 
     </span>
     <span class='ocr_line' id='line_1_10' title="bbox 228 1157 1346 1234; baseline -0.001 -21"><span class='ocrx_word' id='word_1_75' title='bbox 228 1159 257 1213; x_wconf 89' lang='lat' dir='ltr'>in</span> <span class='ocrx_word' id='word_1_76' title='bbox 280 1158 398 1229; x_wconf 87' lang='lat' dir='ltr'>stropha</span> <span class='ocrx_word' id='word_1_77' title='bbox 420 1158 656 1234; x_wconf 77' lang='lat' dir='ltr'>praevaluerunt,</span> <span class='ocrx_word' id='word_1_78' title='bbox 681 1163 834 1230; x_wconf 80' lang='lat' dir='ltr'>resurgunt</span> <span class='ocrx_word' id='word_1_79' title='bbox 858 1163 888 1213; x_wconf 91' lang='lat' dir='ltr'>et</span> <span class='ocrx_word' id='word_1_80' title='bbox 910 1157 1132 1229; x_wconf 89' lang='lat' dir='ltr'>discrepantiam</span> <span class='ocrx_word' id='word_1_81' title='bbox 1156 1158 1229 1213; x_wconf 87' lang='lat' dir='ltr'>bene</span> <span class='ocrx_word' id='word_1_82' title='bbox 1252 1157 1346 1212; x_wconf 88' lang='lat' dir='ltr'>decla·</span> 
     </span>
     <span class='ocr_line' id='line_1_11' title="bbox 229 1247 1345 1319; baseline 0.001 -19"><span class='ocrx_word' id='word_1_83' title='bbox 229 1253 305 1313; x_wconf 91' lang='lat' dir='ltr'>rant,</span> <span class='ocrx_word' id='word_1_84' title='bbox 330 1264 403 1318; x_wconf 88' lang='lat' dir='ltr'>quae</span> <span class='ocrx_word' id='word_1_85' title='bbox 427 1253 471 1302; x_wconf 87' lang='lat' dir='ltr'>est</span> <span class='ocrx_word' id='word_1_86' title='bbox 491 1247 568 1302; x_wconf 89' lang='lat' dir='ltr'>inter</span> <span class='ocrx_word' id='word_1_87' title='bbox 585 1247 765 1319; x_wconf 87' lang='lat' dir='ltr'>logaoedicos</span> <span class='ocrx_word' id='word_1_88' title='bbox 784 1253 814 1302; x_wconf 90' lang='lat' dir='ltr'>at</span> <span class='ocrx_word' id='word_1_89' title='bbox 836 1248 998 1315; x_wconf 87' lang='lat' dir='ltr'>trochaeos,</span> <span class='ocrx_word' id='word_1_90' title='bbox 1023 1263 1119 1302; x_wconf 88' lang='lat' dir='ltr'>versus</span> <span class='ocrx_word' id='word_1_91' title='bbox 1142 1247 1241 1304; x_wconf 89' lang='lat' dir='ltr'>molles</span> <span class='ocrx_word' id='word_1_92' title='bbox 1264 1247 1345 1302; x_wconf 89' lang='lat' dir='ltr'>blan·</span> 
     </span>
    </p>
   </div>
   <div class='ocr_carea' id='block_1_3' title="bbox 229 1415 1144 1497">
    <p class='ocr_par' dir='ltr' id='par_1_3' title="bbox 229 1415 1144 1497">
     <span class='ocr_line' id='line_1_12' title="bbox 229 1415 1144 1497; baseline 0.001 -18"><span class='ocrx_word' id='word_1_93' title='bbox 229 1430 287 1479; x_wconf 93' lang='lat' dir='ltr'>tam</span> <span class='ocrx_word' id='word_1_94' title='bbox 306 1427 417 1496; x_wconf 83' lang='lat' dir='ltr'>gravia:</span> <span class='ocrx_word' id='word_1_95' title='bbox 437 1415 547 1496; x_wconf 81' lang='grc' dir='ltr'><strong><em>ἄγαμον</em></strong></span> <span class='ocrx_word' id='word_1_96' title='bbox 565 1433 595 1482; x_wconf 88' lang='lat' dir='ltr'>et</span> <span class='ocrx_word' id='word_1_97' title='bbox 614 1423 767 1495; x_wconf 78' lang='grc' dir='ltr'><strong><em>ἀδάματον,</em></strong></span> <span class='ocrx_word' id='word_1_98' title='bbox 786 1427 866 1497; x_wconf 89' lang='lat' dir='ltr'>quasi</span> <span class='ocrx_word' id='word_1_99' title='bbox 885 1426 994 1482; x_wconf 84' lang='lat' dir='ltr'>fulmen</span> <span class='ocrx_word' id='word_1_100' title='bbox 1013 1427 1144 1482; x_wconf 89' lang='lat' dir='ltr'>emicant.</span> 
     </span>
    </p>
   </div>
   <div class='ocr_carea' id='block_1_4' title="bbox 405 1559 1170 1632">
    <p class='ocr_par' dir='ltr' id='par_1_4' title="bbox 405 1559 1170 1632">
     <span class='ocr_line' id='line_1_13' title="bbox 405 1559 1170 1632; baseline 0.001 -18"><span class='ocrx_word' id='word_1_101' title='bbox 405 1561 429 1630; x_wconf 71' lang='grc' dir='ltr'>ί)</span> <span class='ocrx_word' id='word_1_102' title='bbox 446 1559 542 1629; x_wconf 91' lang='lat' dir='ltr'>iambi,</span> <span class='ocrx_word' id='word_1_103' title='bbox 561 1560 682 1632; x_wconf 85' lang='lat' dir='ltr'>dactyli:</span> <span class='ocrx_word' id='word_1_104' title='bbox 702 1561 876 1617; x_wconf 88' lang='lat' dir='ltr'>clauduntur</span> <span class='ocrx_word' id='word_1_105' title='bbox 894 1579 944 1632; x_wconf 90' lang='lat' dir='ltr'>per</span> <span class='ocrx_word' id='word_1_106' title='bbox 963 1561 1170 1632; x_wconf 83' lang='lat' dir='ltr'>logaoedicum.</span> 
     </span>
    </p>
   </div>
   <div class='ocr_carea' id='block_1_5' title="bbox 318 1667 486 1738">
    <p class='ocr_par' dir='ltr' id='par_1_5' title="bbox 318 1667 486 1738">
     <span class='ocr_line' id='line_1_14' title="bbox 318 1667 486 1738; baseline 0.012 -14"><span class='ocrx_word' id='word_1_107' title='bbox 318 1667 399 1738; x_wconf 87' lang='lat' dir='ltr'>Sept.</span> <span class='ocrx_word' id='word_1_108' title='bbox 419 1670 486 1726; x_wconf 74' lang='lat'>7612</span> 
     </span>
    </p>
   </div>
   <div class='ocr_carea' id='block_1_6' title="bbox 231 1753 1349 2762">
    <p class='ocr_par' dir='ltr' id='par_1_6' title="bbox 485 1753 1200 1830">
     <span class='ocr_line' id='line_1_15' title="bbox 485 1753 1200 1830; baseline 0 -18"><span class='ocrx_word' id='word_1_109' title='bbox 485 1756 545 1812; x_wconf 73' lang='grc' dir='ltr'><strong><em>ἐπεί</em></strong></span> <span class='ocrx_word' id='word_1_110' title='bbox 564 1755 589 1812; x_wconf 83' lang='grc' dir='ltr'>δ’</span> <span class='ocrx_word' id='word_1_111' title='bbox 607 1753 750 1830; x_wconf 79' lang='grc' dir='ltr'><strong><em>ἀρτίφρων</em></strong></span> <span class='ocrx_word' id='word_1_112' title='bbox 1045 1787 1063 1812; x_wconf 74' lang='lat' dir='ltr'>o</span> <span class='ocrx_word' id='word_1_113' title='bbox 1075 1793 1109 1812; x_wconf 58' lang='grc' dir='ltr'>ι-</span> <span class='ocrx_word' id='word_1_114' title='bbox 1122 1807 1140 1813; x_wconf 83' lang='grc'>-</span> <span class='ocrx_word' id='word_1_115' title='bbox 1151 1785 1169 1812; x_wconf 76' lang='grc' dir='ltr'><strong><em>ο</em></strong></span> <span class='ocrx_word' id='word_1_116' title='bbox 1181 1806 1200 1813; x_wconf 87' lang='grc'><strong>-</strong></span> 
     </span>
    </p>

    <p class='ocr_par' dir='ltr' id='par_1_7' title="bbox 485 1832 837 1908">
     <span class='ocr_line' id='line_1_16' title="bbox 485 1832 837 1908; baseline 0.003 -16"><span class='ocrx_word' id='word_1_117' title='bbox 485 1834 595 1908; x_wconf 79' lang='grc' dir='ltr'><strong><em>ἐγένετο</em></strong></span> <span class='ocrx_word' id='word_1_118' title='bbox 614 1837 712 1907; x_wconf 67' lang='grc' dir='ltr'><strong><em>μέλους</em></strong></span> <span class='ocrx_word' id='word_1_119' title='bbox 730 1832 837 1894; x_wconf 74' lang='grc' dir='ltr'><strong><em>ἀθλίων</em></strong></span> 
     </span>
    </p>

    <p class='ocr_par' dir='ltr' id='par_1_8' title="bbox 486 1911 918 1992">
     <span class='ocr_line' id='line_1_17' title="bbox 486 1911 918 1992; baseline 0.005 -20"><span class='ocrx_word' id='word_1_120' title='bbox 486 1915 593 1988; x_wconf 81' lang='grc' dir='ltr'><strong><em>γάμων,</em></strong></span> <span class='ocrx_word' id='word_1_121' title='bbox 611 1913 655 1973; x_wconf 81' lang='grc' dir='ltr'>ἐπ’</span> <span class='ocrx_word' id='word_1_122' title='bbox 673 1911 750 1990; x_wconf 78' lang='grc' dir='ltr'><strong><em>ἄλγει</em></strong></span> <span class='ocrx_word' id='word_1_123' title='bbox 769 1921 918 1992; x_wconf 82' lang='grc' dir='ltr'><strong><em>δυσφορῶν</em></strong></span> 
     </span>
    </p>

    <p class='ocr_par' dir='ltr' id='par_1_9' title="bbox 486 1996 757 2074">
     <span class='ocr_line' id='line_1_18' title="bbox 486 1996 757 2074; baseline 0.004 -22"><span class='ocrx_word' id='word_1_124' title='bbox 486 1996 640 2073; x_wconf 77' lang='grc' dir='ltr'><strong><em>μαινομένᾳ</em></strong></span> <span class='ocrx_word' id='word_1_125' title='bbox 657 2001 757 2074; x_wconf 75' lang='grc' dir='ltr'><strong><em>κραδίᾳ</em></strong></span> 
     </span>
    </p>

    <p class='ocr_par' dir='ltr' id='par_1_10' title="bbox 487 2075 818 2148">
     <span class='ocr_line' id='line_1_19' title="bbox 487 2075 818 2148; baseline 0.006 -16"><span class='ocrx_word' id='word_1_126' title='bbox 487 2080 587 2148; x_wconf 88' lang='grc' dir='ltr'><strong><em>δίδυμα</em></strong></span> <span class='ocrx_word' id='word_1_127' title='bbox 605 2075 668 2134; x_wconf 81' lang='grc' dir='ltr'><strong><em>κάκ’</em></strong></span> <span class='ocrx_word' id='word_1_128' title='bbox 686 2076 818 2138; x_wconf 75' lang='grc' dir='ltr'><strong><em>ἐτέλεσεν</em></strong></span> 
     </span>
    </p>

    <p class='ocr_par' dir='ltr' id='par_1_11' title="bbox 486 2157 812 2234">
     <span class='ocr_line' id='line_1_20' title="bbox 486 2157 812 2234; baseline 0.003 -20"><span class='ocrx_word' id='word_1_129' title='bbox 486 2157 657 2233; x_wconf 81' lang='grc' dir='ltr'><strong><em>πατροφόνῳ</em></strong></span> <span class='ocrx_word' id='word_1_130' title='bbox 673 2163 737 2234; x_wconf 56' lang='lat' dir='ltr'>papi</span> <span class='ocrx_word' id='word_1_131' title='bbox 755 2162 812 2215; x_wconf 82' lang='grc' dir='ltr'>τῶν</span> 
     </span>
    </p>

    <p class='ocr_par' dir='ltr' id='par_1_12' title="bbox 487 2235 1349 2311">
     <span class='ocr_line' id='line_1_21' title="bbox 487 2235 1349 2311; baseline 0.002 -18"><span class='ocrx_word' id='word_1_132' title='bbox 487 2238 706 2311; x_wconf 81' lang='grc' dir='ltr'><strong><em>κρεισσοτέκνων</em></strong></span> <span class='ocrx_word' id='word_1_133' title='bbox 725 2235 860 2309; x_wconf 84' lang='grc' dir='ltr'><strong><em>ἀμμάτων</em></strong></span> <span class='ocrx_word' id='word_1_134' title='bbox 879 2238 1030 2311; x_wconf 72' lang='grc' dir='ltr'><strong><em>ἐπλάγχθη.</em></strong></span> <span class='ocrx_word' id='word_1_135' title='bbox 1051 2289 1068 2295; x_wconf 83' lang='grc'><strong><em>-</em></strong></span> <span class='ocrx_word' id='word_1_136' title='bbox 1080 2267 1098 2294; x_wconf 76' lang='grc' dir='ltr'><strong>υ</strong></span> <span class='ocrx_word' id='word_1_137' title='bbox 1109 2268 1128 2294; x_wconf 79' lang='grc' dir='ltr'><strong>υ</strong></span> <span class='ocrx_word' id='word_1_138' title='bbox 1140 2273 1174 2294; x_wconf 68' lang='grc' dir='ltr'>ι-</span> <span class='ocrx_word' id='word_1_139' title='bbox 1187 2289 1205 2296; x_wconf 85' lang='grc'>-</span> <span class='ocrx_word' id='word_1_140' title='bbox 1214 2269 1232 2295; x_wconf 74' lang='lat' dir='ltr'>o</span> <span class='ocrx_word' id='word_1_141' title='bbox 1241 2289 1259 2296; x_wconf 88' lang='lat'>-</span> <span class='ocrx_word' id='word_1_142' title='bbox 1270 2269 1289 2294; x_wconf 77' lang='lat' dir='ltr'>o</span> <span class='ocrx_word' id='word_1_143' title='bbox 1300 2289 1318 2296; x_wconf 87' lang='lat'>..</span> <span class='ocrx_word' id='word_1_144' title='bbox 1330 2259 1349 2295; x_wconf 85' lang='grc' dir='ltr'>ῡ</span> 
     </span>
    </p>

    <p class='ocr_par' dir='ltr' id='par_1_13' title="bbox 319 2330 1348 2403">
     <span class='ocr_line' id='line_1_22' title="bbox 319 2330 1348 2403; baseline 0.004 -19"><span class='ocrx_word' id='word_1_145' title='bbox 319 2331 363 2386; x_wconf 90' lang='lat' dir='ltr'>De</span> <span class='ocrx_word' id='word_1_146' title='bbox 377 2331 405 2385; x_wconf 92' lang='lat' dir='ltr'>vi</span> <span class='ocrx_word' id='word_1_147' title='bbox 423 2337 510 2402; x_wconf 89' lang='lat' dir='ltr'>atque</span> <span class='ocrx_word' id='word_1_148' title='bbox 528 2331 624 2386; x_wconf 91' lang='lat' dir='ltr'>indole</span> <span class='ocrx_word' id='word_1_149' title='bbox 641 2330 783 2401; x_wconf 84' lang='lat' dir='ltr'>tripediae</span> <span class='ocrx_word' id='word_1_150' title='bbox 795 2331 935 2386; x_wconf 89' lang='lat' dir='ltr'>iambicae</span> <span class='ocrx_word' id='word_1_151' title='bbox 948 2337 1131 2403; x_wconf 88' lang='lat' dir='ltr'>syncopatae,</span> <span class='ocrx_word' id='word_1_152' title='bbox 1150 2348 1234 2402; x_wconf 89' lang='lat' dir='ltr'>quam</span> <span class='ocrx_word' id='word_1_153' title='bbox 1253 2331 1348 2388; x_wconf 93' lang='lat' dir='ltr'>subito</span> 
     </span>
    </p>

    <p class='ocr_par' dir='ltr' id='par_1_14' title="bbox 231 2419 1348 2762">
     <span class='ocr_line' id='line_1_23' title="bbox 231 2419 1346 2493; baseline 0.001 -18"><span class='ocrx_word' id='word_1_154' title='bbox 231 2421 351 2476; x_wconf 88' lang='lat' dir='ltr'>dimeter</span> <span class='ocrx_word' id='word_1_155' title='bbox 368 2419 479 2475; x_wconf 91' lang='lat' dir='ltr'>solutus</span> <span class='ocrx_word' id='word_1_156' title='bbox 492 2420 628 2491; x_wconf 89' lang='lat' dir='ltr'>sequitur,</span> <span class='ocrx_word' id='word_1_157' title='bbox 646 2419 702 2474; x_wconf 90' lang='lat' dir='ltr'>iam</span> <span class='ocrx_word' id='word_1_158' title='bbox 716 2437 780 2491; x_wconf 87' lang='lat' dir='ltr'>pag.</span> <span class='ocrx_word' id='word_1_159' title='bbox 797 2422 828 2474; x_wconf 83' lang='lat'>17</span> <span class='ocrx_word' id='word_1_160' title='bbox 848 2421 1020 2476; x_wconf 86' lang='lat' dir='ltr'>sententiam</span> <span class='ocrx_word' id='word_1_161' title='bbox 1038 2426 1164 2475; x_wconf 89' lang='lat' dir='ltr'>nostram</span> <span class='ocrx_word' id='word_1_162' title='bbox 1177 2421 1346 2493; x_wconf 85' lang='lat' dir='ltr'>aperuimus.</span> 
     </span>
     <span class='ocr_line' id='line_1_24' title="bbox 233 2509 1347 2582; baseline 0 -18"><span class='ocrx_word' id='word_1_163' title='bbox 233 2511 338 2565; x_wconf 93' lang='lat' dir='ltr'>lterum</span> <span class='ocrx_word' id='word_1_164' title='bbox 361 2509 486 2581; x_wconf 88' lang='lat' dir='ltr'>tripodia</span> <span class='ocrx_word' id='word_1_165' title='bbox 508 2509 652 2579; x_wconf 88' lang='lat' dir='ltr'>dactylica</span> <span class='ocrx_word' id='word_1_166' title='bbox 676 2509 723 2579; x_wconf 88' lang='lat' dir='ltr'>(V.</span> <span class='ocrx_word' id='word_1_167' title='bbox 742 2509 770 2578; x_wconf 79' lang='lat'>4)</span> <span class='ocrx_word' id='word_1_168' title='bbox 791 2515 820 2564; x_wconf 93' lang='lat' dir='ltr'>et</span> <span class='ocrx_word' id='word_1_169' title='bbox 843 2509 968 2582; x_wconf 89' lang='lat' dir='ltr'>tripodia</span> <span class='ocrx_word' id='word_1_170' title='bbox 989 2510 1113 2565; x_wconf 89' lang='lat' dir='ltr'>iambica</span> <span class='ocrx_word' id='word_1_171' title='bbox 1135 2511 1230 2565; x_wconf 85' lang='lat' dir='ltr'>soluta</span> <span class='ocrx_word' id='word_1_172' title='bbox 1254 2511 1301 2582; x_wconf 90' lang='lat' dir='ltr'>(V.</span> <span class='ocrx_word' id='word_1_173' title='bbox 1322 2511 1347 2580; x_wconf 79' lang='lat'>5)</span> 
     </span>
     <span class='ocr_line' id='line_1_25' title="bbox 233 2598 1348 2672; baseline 0.003 -20"><span class='ocrx_word' id='word_1_174' title='bbox 233 2598 330 2655; x_wconf 87' lang='lat' dir='ltr'>horror</span> <span class='ocrx_word' id='word_1_175' title='bbox 348 2599 421 2655; x_wconf 90' lang='lat' dir='ltr'>bene</span> <span class='ocrx_word' id='word_1_176' title='bbox 441 2599 477 2654; x_wconf 90' lang='lat' dir='ltr'>ad</span> <span class='ocrx_word' id='word_1_177' title='bbox 497 2600 622 2654; x_wconf 89' lang='lat' dir='ltr'>animum</span> <span class='ocrx_word' id='word_1_178' title='bbox 641 2605 800 2665; x_wconf 88' lang='lat' dir='ltr'>revocatur,</span> <span class='ocrx_word' id='word_1_179' title='bbox 823 2600 872 2671; x_wconf 90' lang='lat' dir='ltr'>qui</span> <span class='ocrx_word' id='word_1_180' title='bbox 890 2599 1033 2671; x_wconf 90' lang='lat' dir='ltr'>Oedipum</span> <span class='ocrx_word' id='word_1_181' title='bbox 1050 2600 1159 2672; x_wconf 90' lang='lat' dir='ltr'>nuptiis</span> <span class='ocrx_word' id='word_1_182' title='bbox 1177 2600 1282 2672; x_wconf 89' lang='lat' dir='ltr'>iniquis</span> <span class='ocrx_word' id='word_1_183' title='bbox 1300 2600 1348 2655; x_wconf 93' lang='lat' dir='ltr'>de·</span> 
     </span>
     <span class='ocr_line' id='line_1_26' title="bbox 232 2689 1348 2762; baseline 0.002 -18"><span class='ocrx_word' id='word_1_184' title='bbox 232 2690 315 2744; x_wconf 88' lang='lat' dir='ltr'>tectis</span> <span class='ocrx_word' id='word_1_185' title='bbox 337 2690 486 2762; x_wconf 88' lang='lat' dir='ltr'>oppressit.</span> <span class='ocrx_word' id='word_1_186' title='bbox 524 2689 558 2744; x_wconf 87' lang='lat' dir='ltr'>In</span> <span class='ocrx_word' id='word_1_187' title='bbox 577 2689 706 2744; x_wconf 90' lang='lat' dir='ltr'>clausula</span> <span class='ocrx_word' id='word_1_188' title='bbox 729 2689 897 2762; x_wconf 86' lang='lat' dir='ltr'>logaoedica</span> <span class='ocrx_word' id='word_1_189' title='bbox 920 2691 1010 2762; x_wconf 85' lang='lat' dir='ltr'>magis</span> <span class='ocrx_word' id='word_1_190' title='bbox 1034 2691 1180 2762; x_wconf 83' lang='lat' dir='ltr'>magisque</span> <span class='ocrx_word' id='word_1_191' title='bbox 1203 2691 1283 2746; x_wconf 84' lang='lat' dir='ltr'>furor</span> <span class='ocrx_word' id='word_1_192' title='bbox 1305 2707 1348 2746; x_wconf 90' lang='lat' dir='ltr'>re·</span> 
     </span>
    </p>
   </div>
   <div class='ocr_carea' id='block_1_7' title="bbox 232 2778 1348 2924">
    <p class='ocr_par' dir='ltr' id='par_1_15' title="bbox 232 2778 1348 2924">
     <span class='ocr_line' id='line_1_27' title="bbox 232 2778 1348 2850; baseline 0.003 -17"><span class='ocrx_word' id='word_1_193' title='bbox 232 2778 321 2850; x_wconf 90' lang='lat' dir='ltr'>cedit,</span> <span class='ocrx_word' id='word_1_194' title='bbox 349 2779 399 2850; x_wconf 91' lang='lat' dir='ltr'>qui</span> <span class='ocrx_word' id='word_1_195' title='bbox 421 2778 538 2849; x_wconf 87' lang='lat' dir='ltr'>dactylo</span> <span class='ocrx_word' id='word_1_196' title='bbox 562 2779 689 2850; x_wconf 89' lang='lat' dir='ltr'>quidem:</span> <span class='ocrx_word' id='word_1_197' title='bbox 708 2805 786 2832; x_wconf 73' lang='grc' dir='ltr'>,ου</span> <span class='ocrx_word' id='word_1_198' title='bbox 809 2780 931 2835; x_wconf 87' lang='lat' dir='ltr'>maxime</span> <span class='ocrx_word' id='word_1_199' title='bbox 959 2780 1054 2847; x_wconf 88' lang='lat' dir='ltr'>ardet,</span> <span class='ocrx_word' id='word_1_200' title='bbox 1082 2781 1224 2836; x_wconf 88' lang='lat' dir='ltr'>trochaeis</span> <span class='ocrx_word' id='word_1_201' title='bbox 1252 2785 1348 2836; x_wconf 89' lang='lat' dir='ltr'>autem</span> 
     </span>
     <span class='ocr_line' id='line_1_28' title="bbox 664 2867 835 2924; baseline 0.006 -19"><span class='ocrx_word' id='word_1_202' title='bbox 664 2867 835 2924; x_wconf 84' lang='grc' dir='ltr'><strong><em>κρεισσοτεκ-</em></strong></span> 
     </span>
    </p>
   </div>
   <div class='ocr_carea' id='block_1_8' title="bbox 231 2940 1349 3354">
    <p class='ocr_par' dir='ltr' id='par_1_16' title="bbox 231 2940 1349 3354">
     <span class='ocr_line' id='line_1_29' title="bbox 231 2940 1348 3012; baseline 0 -18"><span class='ocrx_word' id='word_1_203' title='bbox 231 2941 382 3012; x_wconf 89' lang='lat' dir='ltr'>paullatim</span> <span class='ocrx_word' id='word_1_204' title='bbox 396 2941 571 2997; x_wconf 88' lang='lat' dir='ltr'>conticescit.</span> <span class='ocrx_word' id='word_1_205' title='bbox 602 2941 669 3012; x_wconf 90' lang='lat' dir='ltr'>lpso</span> <span class='ocrx_word' id='word_1_206' title='bbox 687 2940 742 2996; x_wconf 90' lang='lat' dir='ltr'>hoc</span> <span class='ocrx_word' id='word_1_207' title='bbox 761 2941 893 3012; x_wconf 82' lang='lat' dir='ltr'>exemplo</span> <span class='ocrx_word' id='word_1_208' title='bbox 905 2941 934 2997; x_wconf 91' lang='lat' dir='ltr'>in</span> <span class='ocrx_word' id='word_1_209' title='bbox 954 2948 1079 2998; x_wconf 91' lang='lat' dir='ltr'>mentem</span> <span class='ocrx_word' id='word_1_210' title='bbox 1096 2942 1167 2996; x_wconf 89' lang='lat' dir='ltr'>mihi</span> <span class='ocrx_word' id='word_1_211' title='bbox 1179 2941 1258 2996; x_wconf 87' lang='lat' dir='ltr'>venit</span> <span class='ocrx_word' id='word_1_212' title='bbox 1276 2941 1348 2995; x_wconf 90' lang='lat' dir='ltr'>illud</span> 
     </span>
     <span class='ocr_line' id='line_1_30' title="bbox 232 3029 1349 3102; baseline 0 -18"><span class='ocrx_word' id='word_1_213' title='bbox 232 3029 360 3100; x_wconf 84' lang='lat' dir='ltr'>Ohristii,</span> <span class='ocrx_word' id='word_1_214' title='bbox 382 3031 431 3101; x_wconf 91' lang='lat' dir='ltr'>qui</span> <span class='ocrx_word' id='word_1_215' title='bbox 449 3031 485 3086; x_wconf 93' lang='lat' dir='ltr'>de</span> <span class='ocrx_word' id='word_1_216' title='bbox 503 3031 558 3086; x_wconf 90' lang='lat' dir='ltr'>hac</span> <span class='ocrx_word' id='word_1_217' title='bbox 577 3031 808 3102; x_wconf 82' lang='lat' dir='ltr'>logaoedicorum</span> <span class='ocrx_word' id='word_1_218' title='bbox 826 3032 920 3102; x_wconf 90' lang='lat' dir='ltr'>specie</span> <span class='ocrx_word' id='word_1_219' title='bbox 939 3032 1000 3086; x_wconf 91' lang='lat' dir='ltr'>iure</span> <span class='ocrx_word' id='word_1_220' title='bbox 1019 3033 1060 3086; x_wconf 91' lang='lat' dir='ltr'>ita</span> <span class='ocrx_word' id='word_1_221' title='bbox 1079 3031 1226 3099; x_wconf 89' lang='lat' dir='ltr'>iudicat¹):</span> <span class='ocrx_word' id='word_1_222' title='bbox 1253 3031 1349 3101; x_wconf 87' lang='lat' dir='ltr'>,jener</span> 
     </span>
     <span class='ocr_line' id='line_1_31' title="bbox 232 3119 1349 3191; baseline -0.001 -16"><span class='ocrx_word' id='word_1_223' title='bbox 232 3120 372 3191; x_wconf 89' lang='lat' dir='ltr'>Dactylus</span> <span class='ocrx_word' id='word_1_224' title='bbox 384 3121 543 3191; x_wconf 83' lang='lat' dir='ltr'>vcrgleicht</span> <span class='ocrx_word' id='word_1_225' title='bbox 561 3121 622 3177; x_wconf 87' lang='lat' dir='ltr'>sich</span> <span class='ocrx_word' id='word_1_226' title='bbox 641 3123 884 3191; x_wconf 86' lang='lat' dir='ltr'>gewisaermassen</span> <span class='ocrx_word' id='word_1_227' title='bbox 904 3121 955 3176; x_wconf 89' lang='lat' dir='ltr'>der</span> <span class='ocrx_word' id='word_1_228' title='bbox 973 3121 1211 3191; x_wconf 87' lang='lat' dir='ltr'>beschleunigten</span> <span class='ocrx_word' id='word_1_229' title='bbox 1230 3119 1349 3174; x_wconf 72' lang='lat' dir='ltr'>allmth·</span> 
     </span>
     <span class='ocr_line' id='line_1_32' title="bbox 231 3209 1349 3282; baseline 0.002 -19"><span class='ocrx_word' id='word_1_230' title='bbox 231 3210 290 3264; x_wconf 88' lang='lat' dir='ltr'>lich</span> <span class='ocrx_word' id='word_1_231' title='bbox 309 3210 512 3265; x_wconf 77' lang='lat' dir='ltr'>erltschenden</span> <span class='ocrx_word' id='word_1_232' title='bbox 532 3211 630 3279; x_wconf 84' lang='lat' dir='ltr'>Kraft,</span> <span class='ocrx_word' id='word_1_233' title='bbox 654 3211 706 3266; x_wconf 88' lang='lat' dir='ltr'>mit</span> <span class='ocrx_word' id='word_1_234' title='bbox 724 3211 775 3265; x_wconf 88' lang='lat' dir='ltr'>der</span> <span class='ocrx_word' id='word_1_235' title='bbox 794 3212 857 3266; x_wconf 88' lang='lat' dir='ltr'>eine</span> <span class='ocrx_word' id='word_1_236' title='bbox 876 3210 971 3282; x_wconf 86' lang='lat' dir='ltr'>Kugel</span> <span class='ocrx_word' id='word_1_237' title='bbox 991 3209 1060 3266; x_wconf 87' lang='lat' dir='ltr'>oder</span> <span class='ocrx_word' id='word_1_238' title='bbox 1078 3211 1141 3266; x_wconf 90' lang='lat' dir='ltr'>eine</span> <span class='ocrx_word' id='word_1_239' title='bbox 1160 3209 1283 3266; x_wconf 81' lang='lat' dir='ltr'>Scheibe</span> <span class='ocrx_word' id='word_1_240' title='bbox 1302 3229 1349 3282; x_wconf 88' lang='lat' dir='ltr'>ge-</span> 
     </span>
     <span class='ocr_line' id='line_1_33' title="bbox 231 3298 450 3354; baseline -0.005 0"><span class='ocrx_word' id='word_1_241' title='bbox 231 3298 337 3354; x_wconf 84' lang='lat' dir='ltr'>worfen</span> <span class='ocrx_word' id='word_1_242' title='bbox 357 3299 450 3354; x_wconf 83' lang='lat' dir='ltr'>wird.“</span> 
     </span>
    </p>
   </div>
   <div class='ocr_carea' id='block_1_9' title="bbox 453 3433 1126 3505">
    <p class='ocr_par' dir='ltr' id='par_1_17' title="bbox 453 3433 1126 3505">
     <span class='ocr_line' id='line_1_34' title="bbox 453 3433 1126 3505; baseline 0.004 -18"><span class='ocrx_word' id='word_1_243' title='bbox 453 3437 482 3505; x_wconf 87' lang='lat' dir='ltr'>g)</span> <span class='ocrx_word' id='word_1_244' title='bbox 500 3434 597 3504; x_wconf 89' lang='lat' dir='ltr'>iambi,</span> <span class='ocrx_word' id='word_1_245' title='bbox 616 3435 760 3505; x_wconf 90' lang='lat' dir='ltr'>dactylus:</span> <span class='ocrx_word' id='word_1_246' title='bbox 780 3433 954 3491; x_wconf 90' lang='lat' dir='ltr'>clauduntur</span> <span class='ocrx_word' id='word_1_247' title='bbox 972 3435 1126 3491; x_wconf 82' lang='lat' dir='ltr'>trochaico,</span> 
     </span>
    </p>
   </div>
   <div class='ocr_carea' id='block_1_10' title="bbox 321 3545 1349 4261">
    <p class='ocr_par' dir='ltr' id='par_1_18' title="bbox 321 3545 1349 4261">
     <span class='ocr_line' id='line_1_35' title="bbox 321 3545 530 3599; baseline 0 -1"><span class='ocrx_word' id='word_1_248' title='bbox 321 3545 443 3599; x_wconf 87' lang='lat' dir='ltr'>llumen.</span> <span class='ocrx_word' id='word_1_249' title='bbox 463 3545 530 3598; x_wconf 74' lang='lat' dir='ltr'>aaa:</span> 
     </span>
     <span class='ocr_line' id='line_1_36' title="bbox 355 3625 683 3703; baseline -0.006 -17"><span class='ocrx_word' id='word_1_250' title='bbox 355 3631 431 3700; x_wconf 82' lang='grc' dir='ltr'><strong><em>μένει</em></strong></span> <span class='ocrx_word' id='word_1_251' title='bbox 450 3627 511 3703; x_wconf 82' lang='grc' dir='ltr'><strong><em>γάρ.</em></strong></span> <span class='ocrx_word' id='word_1_252' title='bbox 532 3625 683 3701; x_wconf 80' lang='grc' dir='ltr'><strong><em>εὐμήχανοι</em></strong></span> 
     </span>
     <span class='ocr_line' id='line_1_37' title="bbox 356 3709 682 3766; baseline -0.003 0"><span class='ocrx_word' id='word_1_253' title='bbox 356 3710 386 3766; x_wconf 79' lang='grc' dir='ltr'>δὲ</span> <span class='ocrx_word' id='word_1_254' title='bbox 404 3715 451 3766; x_wconf 89' lang='grc' dir='ltr'>καί</span> <span class='ocrx_word' id='word_1_255' title='bbox 469 3709 568 3766; x_wconf 78' lang='grc' dir='ltr'><strong><em>τέλειοι</em></strong></span> <span class='ocrx_word' id='word_1_256' title='bbox 587 3714 682 3765; x_wconf 81' lang='grc' dir='ltr'><strong><em>κακῶν</em></strong></span> 
     </span>
     <span class='ocr_line' id='line_1_38' title="bbox 356 3789 669 3861; baseline -0.003 -14"><span class='ocrx_word' id='word_1_257' title='bbox 356 3810 386 3847; x_wconf 83' lang='grc' dir='ltr'>τε</span> <span class='ocrx_word' id='word_1_258' title='bbox 404 3789 552 3861; x_wconf 79' lang='grc' dir='ltr'><strong><em>μνήμονες,</em></strong></span> <span class='ocrx_word' id='word_1_259' title='bbox 571 3791 669 3860; x_wconf 81' lang='grc' dir='ltr'><strong><em>σεμναί</em></strong></span> 
     </span>
     <span class='ocr_line' id='line_1_39' title="bbox 355 3868 765 3944; baseline 0.002 -17"><span class='ocrx_word' id='word_1_260' title='bbox 355 3874 402 3927; x_wconf 89' lang='grc' dir='ltr'>καί</span> <span class='ocrx_word' id='word_1_261' title='bbox 420 3868 626 3944; x_wconf 76' lang='grc' dir='ltr'><strong><em>δυσπαρήγοροι</em></strong></span> <span class='ocrx_word' id='word_1_262' title='bbox 644 3876 765 3944; x_wconf 83' lang='grc' dir='ltr'><strong><em>βροτοῖς,</em></strong></span> 
     </span>
     <span class='ocr_line' id='line_1_40' title="bbox 357 3945 685 4022; baseline 0.006 -16"><span class='ocrx_word' id='word_1_263' title='bbox 357 3945 429 4022; x_wconf 78' lang='grc' dir='ltr'><strong><em>ἄτιμ’</em></strong></span> <span class='ocrx_word' id='word_1_264' title='bbox 448 3947 543 4008; x_wconf 85' lang='grc' dir='ltr'><strong><em>ἀτίετα</em></strong></span> <span class='ocrx_word' id='word_1_265' title='bbox 561 3951 685 4021; x_wconf 82' lang='grc' dir='ltr'><strong><em>διόμεναι</em></strong></span> 
     </span>
     <span class='ocr_line' id='line_1_41' title="bbox 357 4028 1319 4106; baseline 0.002 -21"><span class='ocrx_word' id='word_1_266' title='bbox 357 4028 427 4103; x_wconf 87' lang='grc' dir='ltr'><strong><em>λάχη</em></strong></span> <span class='ocrx_word' id='word_1_267' title='bbox 444 4035 521 4088; x_wconf 72' lang='grc' dir='ltr'><strong><em>θεῶν</em></strong></span> <span class='ocrx_word' id='word_1_268' title='bbox 539 4030 744 4104; x_wconf 85' lang='grc' dir='ltr'><strong><em>διχοστατοῦντ’</em></strong></span> <span class='ocrx_word' id='word_1_269' title='bbox 763 4030 865 4106; x_wconf 79' lang='grc' dir='ltr'><strong><em>ἀνηλίῳ</em></strong></span> <span class='ocrx_word' id='word_1_270' title='bbox 976 4061 993 4086; x_wconf 70' lang='lat' dir='ltr'>o</span> <span class='ocrx_word' id='word_1_271' title='bbox 1036 4060 1054 4084; x_wconf 72' lang='lat' dir='ltr'>o</span> <span class='ocrx_word' id='word_1_272' title='bbox 1095 4059 1113 4085; x_wconf 75' lang='lat' dir='ltr'>o</span> <span class='ocrx_word' id='word_1_273' title='bbox 1129 4061 1173 4086; x_wconf 73' lang='grc' dir='ltr'>,υ</span> <span class='ocrx_word' id='word_1_274' title='bbox 1194 4059 1319 4087; x_wconf 74' lang='lat' dir='ltr'>.o..o..</span> 
     </span>
     <span class='ocr_line' id='line_1_42' title="bbox 357 4107 1349 4185; baseline 0.003 -21"><span class='ocrx_word' id='word_1_275' title='bbox 357 4107 461 4185; x_wconf 84' lang='grc' dir='ltr'><strong><em>λάμπᾳ,</em></strong></span> <span class='ocrx_word' id='word_1_276' title='bbox 481 4113 730 4184; x_wconf 87' lang='grc' dir='ltr'><strong><em>δυσποροπαίπαλα</em></strong></span> <span class='ocrx_word' id='word_1_277' title='bbox 749 4111 957 4185; x_wconf 81' lang='grc' dir='ltr'><strong><em>δερκομένοισιν</em></strong></span> <span class='ocrx_word' id='word_1_278' title='bbox 978 4137 1114 4166; x_wconf 74' lang='grc'><strong><em>.....</em></strong></span> <span class='ocrx_word' id='word_1_279' title='bbox 1125 4159 1143 4166; x_wconf 80' lang='grc'><strong><em>-</em></strong></span> <span class='ocrx_word' id='word_1_280' title='bbox 1154 4139 1173 4165; x_wconf 74' lang='lat' dir='ltr'>o</span> <span class='ocrx_word' id='word_1_281' title='bbox 1184 4139 1202 4166; x_wconf 75' lang='lat' dir='ltr'>o</span> <span class='ocrx_word' id='word_1_282' title='bbox 1218 4159 1231 4166; x_wconf 80' lang='grc'>-</span> <span class='ocrx_word' id='word_1_283' title='bbox 1243 4139 1261 4165; x_wconf 71' lang='grc' dir='ltr'>υ</span> <span class='ocrx_word' id='word_1_284' title='bbox 1272 4139 1290 4166; x_wconf 75' lang='grc' dir='ltr'><strong>υ</strong></span> <span class='ocrx_word' id='word_1_285' title='bbox 1302 4159 1319 4168; x_wconf 76' lang='grc'><strong>-</strong></span> <span class='ocrx_word' id='word_1_286' title='bbox 1332 4160 1349 4167; x_wconf 90' lang='grc'><strong>-</strong></span> 
     </span>
     <span class='ocr_line' id='line_1_43' title="bbox 356 4187 713 4261; baseline 0.006 -17"><span class='ocrx_word' id='word_1_287' title='bbox 356 4193 403 4245; x_wconf 86' lang='grc' dir='ltr'>καί</span> <span class='ocrx_word' id='word_1_288' title='bbox 422 4190 610 4260; x_wconf 88' lang='grc' dir='ltr'><strong><em>δυσομμάτοις</em></strong></span> <span class='ocrx_word' id='word_1_289' title='bbox 629 4187 713 4261; x_wconf 79' lang='grc' dir='ltr'><strong><em>ὁμῶς.</em></strong></span> 
     </span>
    </p>
   </div>
   <div class='ocr_carea' id='block_1_11' title="bbox 324 4301 615 4370">
    <p class='ocr_par' dir='ltr' id='par_1_19' title="bbox 324 4301 615 4370">
     <span class='ocr_line' id='line_1_44' title="bbox 324 4301 615 4370; baseline -0.003 -16"><span class='ocrx_word' id='word_1_290' title='bbox 324 4302 349 4370; x_wconf 83' lang='grc'>1)</span> <span class='ocrx_word' id='word_1_291' title='bbox 367 4301 451 4354; x_wconf 86' lang='lat' dir='ltr'>Matr.</span> <span class='ocrx_word' id='word_1_292' title='bbox 470 4317 534 4370; x_wconf 89' lang='lat' dir='ltr'>pag.</span> <span class='ocrx_word' id='word_1_293' title='bbox 555 4301 615 4356; x_wconf 83' lang='lat'>513.</span> 
     </span>
    </p>
   </div>
   <div class='ocr_carea' id='block_1_12' title="bbox 0 0 1602 5060">
    <p class='ocr_par' dir='ltr' id='par_1_20' title="bbox 0 0 1602 5060">
     <span class='ocr_line' id='line_1_45' title="bbox 0 0 1602 5060; baseline 0 0"><span class='ocrx_word' id='word_1_294' title='bbox 0 0 1602 5060; x_wconf 95' lang='lat' dir='ltr'> </span> 
     </span>
    </p>
   </div>
  </div>
 </body>
</html>
