<?xml version="1.0" encoding="UTF-8"?>
<!DOCTYPE html PUBLIC "-//W3C//DTD XHTML 1.0 Transitional//EN"
    "http://www.w3.org/TR/xhtml1/DTD/xhtml1-transitional.dtd">
<html xmlns="http://www.w3.org/1999/xhtml" xml:lang="en" lang="en">
 <head>
  <title>
</title>
<meta http-equiv="Content-Type" content="text/html;charset=utf-8" />
  <meta name='ocr-system' content='tesseract 3.04.00' />
  <meta name='ocr-capabilities' content='ocr_page ocr_carea ocr_par ocr_line ocrx_word'/>
</head>
<body>
  <div class='ocr_page' id='page_1' title='image "./deversuumiambic00preugoog_0047.png"; bbox 0 0 3176 5060; ppageno 0'>
   <div class='ocr_carea' id='block_1_1' title="bbox 700 298 922 355">
    <p class='ocr_par' dir='ltr' id='par_1_1' title="bbox 700 298 922 355">
     <span class='ocr_line' id='line_1_1' title="bbox 700 298 922 355; baseline 0.005 -16"><span class='ocrx_word' id='word_1_1' title='bbox 700 298 922 355; x_wconf 78' lang='lat'><strong>..42-</strong></span> 
     </span>
    </p>
   </div>
   <div class='ocr_carea' id='block_1_2' title="bbox 250 464 1378 2049">
    <p class='ocr_par' dir='ltr' id='par_1_2' title="bbox 250 464 1378 2049">
     <span class='ocr_line' id='line_1_2' title="bbox 250 464 1375 538; baseline -0.004 -14"><span class='ocrx_word' id='word_1_2' title='bbox 250 487 315 524; x_wconf 90' lang='lat' dir='ltr'><strong>cum</strong></span> <span class='ocrx_word' id='word_1_3' title='bbox 327 469 466 524; x_wconf 78' lang='lat' dir='ltr'><strong>iambicus</strong></span> <span class='ocrx_word' id='word_1_4' title='bbox 478 485 613 524; x_wconf 90' lang='lat' dir='ltr'><strong>numerus</strong></span> <span class='ocrx_word' id='word_1_5' title='bbox 626 473 718 522; x_wconf 80' lang='lat' dir='ltr'><strong>totum</strong></span> <span class='ocrx_word' id='word_1_6' title='bbox 736 466 902 538; x_wconf 86' lang='lat' dir='ltr'><strong>proedicum</strong></span> <span class='ocrx_word' id='word_1_7' title='bbox 916 472 1057 537; x_wconf 77' lang='lat' dir='ltr'>personet,</span> <span class='ocrx_word' id='word_1_8' title='bbox 1077 464 1176 520; x_wconf 89' lang='lat' dir='ltr'><strong>eodem</strong></span> <span class='ocrx_word' id='word_1_9' title='bbox 1191 465 1274 520; x_wconf 80' lang='lat' dir='ltr'><strong>rrrodo</strong></span> <span class='ocrx_word' id='word_1_10' title='bbox 1287 471 1375 536; x_wconf 76' lang='lat' dir='ltr'><strong>atque</strong></span> 
     </span>
     <span class='ocr_line' id='line_1_3' title="bbox 250 554 1375 630; baseline -0.005 -17"><span class='ocrx_word' id='word_1_11' title='bbox 250 558 327 630; x_wconf 87' lang='lat' dir='ltr'><strong>apud</strong></span> <span class='ocrx_word' id='word_1_12' title='bbox 345 557 513 629; x_wconf 86' lang='lat' dir='ltr'>Euripidem</span> <span class='ocrx_word' id='word_1_13' title='bbox 531 558 561 612; x_wconf 94' lang='lat' dir='ltr'><strong>in</strong></span> <span class='ocrx_word' id='word_1_14' title='bbox 580 556 683 612; x_wconf 84' lang='lat' dir='ltr'><strong>Troad.</strong></span> <span class='ocrx_word' id='word_1_15' title='bbox 703 556 756 611; x_wconf 79' lang='lat'><strong>582</strong></span> <span class='ocrx_word' id='word_1_16' title='bbox 774 573 836 626; x_wconf 89' lang='lat' dir='ltr'><strong>sqq.</strong></span> <span class='ocrx_word' id='word_1_17' title='bbox 859 555 949 626; x_wconf 85' lang='lat' dir='ltr'><strong>magis</strong></span> <span class='ocrx_word' id='word_1_18' title='bbox 968 554 1004 609; x_wconf 88' lang='lat' dir='ltr'><strong>ad</strong></span> <span class='ocrx_word' id='word_1_19' title='bbox 1023 554 1161 610; x_wconf 79' lang='lat' dir='ltr'><strong>iambicos</strong></span> <span class='ocrx_word' id='word_1_20' title='bbox 1180 572 1286 626; x_wconf 90' lang='lat' dir='ltr'><strong>pronus</strong></span> <span class='ocrx_word' id='word_1_21' title='bbox 1301 563 1375 622; x_wconf 80' lang='lat' dir='ltr'><strong>sum,</strong></span> 
     </span>
     <span class='ocr_line' id='line_1_4' title="bbox 251 645 719 718; baseline -0.006 -16"><span class='ocrx_word' id='word_1_22' title='bbox 251 648 385 718; x_wconf 88' lang='lat' dir='ltr'><strong>quoniam</strong></span> <span class='ocrx_word' id='word_1_23' title='bbox 404 646 520 701; x_wconf 83' lang='lat' dir='ltr'><strong>iambici</strong></span> <span class='ocrx_word' id='word_1_24' title='bbox 538 645 719 718; x_wconf 85' lang='lat' dir='ltr'><strong>praevalent:</strong></span> 
     </span>
     <span class='ocr_line' id='line_1_5' title="bbox 445 727 1205 806; baseline -0.004 -17"><span class='ocrx_word' id='word_1_25' title='bbox 445 729 542 806; x_wconf 78' lang='grc' dir='ltr'><strong><em>βέβακ’</em></strong></span> <span class='ocrx_word' id='word_1_26' title='bbox 562 727 653 805; x_wconf 82' lang='grc' dir='ltr'><strong><em>ὄλβος,</em></strong></span> <span class='ocrx_word' id='word_1_27' title='bbox 672 732 775 805; x_wconf 77' lang='grc' dir='ltr'><em>βέβακε</em></span> <span class='ocrx_word' id='word_1_28' title='bbox 798 733 882 804; x_wconf 77' lang='grc' dir='ltr'><strong><em>Τροία</em></strong></span> <span class='ocrx_word' id='word_1_29' title='bbox 893 757 913 786; x_wconf 84' lang='grc' dir='ltr'><strong>υ</strong></span> <span class='ocrx_word' id='word_1_30' title='bbox 925 765 959 786; x_wconf 53' lang='lat' dir='ltr'><strong>a.</strong></span> <span class='ocrx_word' id='word_1_31' title='bbox 972 765 1007 785; x_wconf 53' lang='grc' dir='ltr'><strong>ι.</strong></span> <span class='ocrx_word' id='word_1_32' title='bbox 1019 777 1037 788; x_wconf 83' lang='grc'><em>.</em></span> <span class='ocrx_word' id='word_1_33' title='bbox 1048 757 1068 784; x_wconf 82' lang='grc' dir='ltr'><strong>υ</strong></span> <span class='ocrx_word' id='word_1_34' title='bbox 1079 778 1097 788; x_wconf 86' lang='grc'><em>,</em></span> <span class='ocrx_word' id='word_1_35' title='bbox 1108 757 1128 786; x_wconf 84' lang='grc' dir='ltr'><strong>υ</strong></span> <span class='ocrx_word' id='word_1_36' title='bbox 1140 765 1175 786; x_wconf 55' lang='grc' dir='ltr'><strong>ι.</strong></span> <span class='ocrx_word' id='word_1_37' title='bbox 1187 775 1205 786; x_wconf 84' lang='grc'><strong>.</strong></span> 
     </span>
     <span class='ocr_line' id='line_1_6' title="bbox 376 816 1247 892; baseline -0.002 -14"><span class='ocrx_word' id='word_1_38' title='bbox 376 818 497 891; x_wconf 82' lang='grc' dir='ltr'><strong><em>τλάμων·</em></strong></span> <span class='ocrx_word' id='word_1_39' title='bbox 516 817 593 890; x_wconf 81' lang='grc' dir='ltr'><strong><em>ἐμῶν</em></strong></span> <span class='ocrx_word' id='word_1_40' title='bbox 611 817 634 876; x_wconf 80' lang='grc' dir='ltr'><strong>τ’</strong></span> <span class='ocrx_word' id='word_1_41' title='bbox 654 816 780 892; x_wconf 74' lang='grc' dir='ltr'><strong><em>εὐγένεια</em></strong></span> <span class='ocrx_word' id='word_1_42' title='bbox 799 821 907 876; x_wconf 83' lang='grc' dir='ltr'><strong><em>παίδων</em></strong></span> <span class='ocrx_word' id='word_1_43' title='bbox 924 837 943 874; x_wconf 79' lang='lat' dir='ltr'><strong>o</strong></span> <span class='ocrx_word' id='word_1_44' title='bbox 955 866 972 876; x_wconf 93' lang='lat'><strong>.</strong></span> <span class='ocrx_word' id='word_1_45' title='bbox 984 847 1002 874; x_wconf 75' lang='grc' dir='ltr'><strong><em>ο</em></strong></span> <span class='ocrx_word' id='word_1_46' title='bbox 1015 853 1050 874; x_wconf 48' lang='lat' dir='ltr'><strong>a.</strong></span> <span class='ocrx_word' id='word_1_47' title='bbox 1062 866 1080 876; x_wconf 91' lang='lat'>.</span> <span class='ocrx_word' id='word_1_48' title='bbox 1091 845 1110 874; x_wconf 78' lang='grc' dir='ltr'><strong>υ</strong></span> <span class='ocrx_word' id='word_1_49' title='bbox 1121 865 1139 874; x_wconf 91' lang='grc'><strong>-</strong></span> <span class='ocrx_word' id='word_1_50' title='bbox 1150 847 1170 874; x_wconf 84' lang='grc' dir='ltr'><strong>υ</strong></span> <span class='ocrx_word' id='word_1_51' title='bbox 1182 855 1216 874; x_wconf 48' lang='grc' dir='ltr'><strong>α.</strong></span> <span class='ocrx_word' id='word_1_52' title='bbox 1229 867 1247 876; x_wconf 91' lang='grc'><strong>-</strong></span> 
     </span>
     <span class='ocr_line' id='line_1_7' title="bbox 447 904 1052 980; baseline 0 -15"><span class='ocrx_word' id='word_1_53' title='bbox 447 914 502 980; x_wconf 82' lang='grc' dir='ltr'><strong>φεῦ</strong></span> <span class='ocrx_word' id='word_1_54' title='bbox 521 915 583 979; x_wconf 83' lang='grc' dir='ltr'><strong><em>φεῦ·</em></strong></span> <span class='ocrx_word' id='word_1_55' title='bbox 604 914 657 978; x_wconf 82' lang='grc' dir='ltr'><strong>φεῦ</strong></span> <span class='ocrx_word' id='word_1_56' title='bbox 675 904 734 978; x_wconf 76' lang='grc' dir='ltr'><strong>δῆτ’</strong></span> <span class='ocrx_word' id='word_1_57' title='bbox 754 905 831 977; x_wconf 79' lang='grc' dir='ltr'><strong><em>ἐμῶν</em></strong></span> <span class='ocrx_word' id='word_1_58' title='bbox 849 927 867 962; x_wconf 77' lang='lat' dir='ltr'><strong>o</strong></span> <span class='ocrx_word' id='word_1_59' title='bbox 879 943 913 962; x_wconf 41' lang='grc' dir='ltr'><strong>μ</strong></span> <span class='ocrx_word' id='word_1_60' title='bbox 927 943 962 964; x_wconf 60' lang='grc' dir='ltr'><strong>ι.</strong></span> <span class='ocrx_word' id='word_1_61' title='bbox 974 956 992 964; x_wconf 93' lang='grc'><strong>-</strong></span> <span class='ocrx_word' id='word_1_62' title='bbox 1003 935 1023 963; x_wconf 82' lang='grc' dir='ltr'><strong>υ</strong></span> <span class='ocrx_word' id='word_1_63' title='bbox 1034 955 1052 966; x_wconf 90' lang='grc'>.</span> 
     </span>
     <span class='ocr_line' id='line_1_8' title="bbox 446 994 978 1070; baseline -0.002 -16"><span class='ocrx_word' id='word_1_64' title='bbox 446 1003 550 1055; x_wconf 83' lang='grc' dir='ltr'><strong><em>κακῶν.</em></strong></span> <span class='ocrx_word' id='word_1_65' title='bbox 569 994 667 1070; x_wconf 78' lang='grc' dir='ltr'><strong><em>οἰκτρά</em></strong></span> <span class='ocrx_word' id='word_1_66' title='bbox 685 995 757 1068; x_wconf 85' lang='grc' dir='ltr'><strong><em>τύχα</em></strong></span> <span class='ocrx_word' id='word_1_67' title='bbox 774 1025 978 1053; x_wconf 38' lang='grc' dir='ltr'>υυυυυυ</span> 
     </span>
     <span class='ocr_line' id='line_1_9' title="bbox 447 1077 992 1153; baseline -0.006 -8"><span class='ocrx_word' id='word_1_68' title='bbox 447 1086 550 1153; x_wconf 84' lang='grc' dir='ltr'><strong><em>πόλεος</em></strong></span> <span class='ocrx_word' id='word_1_69' title='bbox 568 1077 586 1142; x_wconf 79' lang='grc' dir='ltr'><strong><em>ά</em></strong></span> <span class='ocrx_word' id='word_1_70' title='bbox 604 1091 760 1144; x_wconf 82' lang='grc' dir='ltr'><strong><em>καπνοῦται</em></strong></span> <span class='ocrx_word' id='word_1_71' title='bbox 778 1101 826 1142; x_wconf 74' lang='lat' dir='ltr'><strong>oo</strong></span> <span class='ocrx_word' id='word_1_72' title='bbox 837 1115 855 1141; x_wconf 81' lang='grc' dir='ltr'><strong>υ</strong></span> <span class='ocrx_word' id='word_1_73' title='bbox 866 1134 884 1142; x_wconf 95' lang='grc'><strong>-</strong></span> <span class='ocrx_word' id='word_1_74' title='bbox 896 1114 915 1140; x_wconf 83' lang='grc' dir='ltr'><strong>υ</strong></span> <span class='ocrx_word' id='word_1_75' title='bbox 927 1122 962 1140; x_wconf 77' lang='grc'><strong>.-</strong></span> <span class='ocrx_word' id='word_1_76' title='bbox 974 1134 992 1142; x_wconf 94' lang='grc'><strong>-</strong></span> 
     </span>
     <span class='ocr_line' id='line_1_10' title="bbox 374 1167 913 1246; baseline -0.002 -13"><span class='ocrx_word' id='word_1_77' title='bbox 374 1175 481 1246; x_wconf 82' lang='grc' dir='ltr'><strong><em>μόλοις,</em></strong></span> <span class='ocrx_word' id='word_1_78' title='bbox 500 1167 524 1232; x_wconf 78' lang='grc' dir='ltr'><strong>(ά</strong></span> <span class='ocrx_word' id='word_1_79' title='bbox 541 1173 624 1242; x_wconf 84' lang='grc' dir='ltr'><strong><em>πόσις</em></strong></span> <span class='ocrx_word' id='word_1_80' title='bbox 641 1196 690 1246; x_wconf 87' lang='grc' dir='ltr'><strong><em>μοι</em></strong></span> <span class='ocrx_word' id='word_1_81' title='bbox 707 1203 727 1230; x_wconf 86' lang='grc' dir='ltr'><strong>υ</strong></span> <span class='ocrx_word' id='word_1_82' title='bbox 738 1211 773 1230; x_wconf 63' lang='grc' dir='ltr'><strong>ι..</strong></span> <span class='ocrx_word' id='word_1_83' title='bbox 787 1223 804 1232; x_wconf 87' lang='grc'><strong>-</strong></span> <span class='ocrx_word' id='word_1_84' title='bbox 816 1201 835 1230; x_wconf 81' lang='grc' dir='ltr'><strong>υ</strong></span> <span class='ocrx_word' id='word_1_85' title='bbox 847 1209 881 1230; x_wconf 70' lang='grc' dir='ltr'><strong><em>ι..</em></strong></span> <span class='ocrx_word' id='word_1_86' title='bbox 895 1223 913 1232; x_wconf 95' lang='grc'><strong><em>-</em></strong></span> 
     </span>
     <span class='ocr_line' id='line_1_11' title="bbox 446 1253 978 1340; baseline -0.004 -19"><span class='ocrx_word' id='word_1_87' title='bbox 446 1270 516 1340; x_wconf 83' lang='grc' dir='ltr'><em>βοᾷς</em></span> <span class='ocrx_word' id='word_1_88' title='bbox 533 1261 584 1320; x_wconf 85' lang='grc' dir='ltr'><strong><em>τὸν</em></strong></span> <span class='ocrx_word' id='word_1_89' title='bbox 602 1262 667 1336; x_wconf 79' lang='grc' dir='ltr'><strong><em>παρ’</em></strong></span> <span class='ocrx_word' id='word_1_90' title='bbox 679 1253 757 1338; x_wconf 66' lang='grc' dir='ltr'><strong>εἍιδᾳ</strong></span> <span class='ocrx_word' id='word_1_91' title='bbox 774 1292 793 1319; x_wconf 81' lang='grc' dir='ltr'><strong>υ</strong></span> <span class='ocrx_word' id='word_1_92' title='bbox 805 1300 840 1318; x_wconf 74' lang='grc'><strong>.-</strong></span> <span class='ocrx_word' id='word_1_93' title='bbox 853 1311 871 1321; x_wconf 94' lang='grc'>.</span> <span class='ocrx_word' id='word_1_94' title='bbox 882 1292 901 1319; x_wconf 81' lang='grc' dir='ltr'><strong>υ</strong></span> <span class='ocrx_word' id='word_1_95' title='bbox 913 1300 947 1318; x_wconf 61' lang='grc' dir='ltr'><strong>ι..</strong></span> <span class='ocrx_word' id='word_1_96' title='bbox 960 1311 978 1320; x_wconf 95' lang='grc'><strong>-</strong></span> 
     </span>
     <span class='ocr_line' id='line_1_12' title="bbox 251 1354 1375 1426; baseline -0.003 -15"><span class='ocrx_word' id='word_1_97' title='bbox 251 1356 392 1411; x_wconf 78' lang='lat' dir='ltr'><strong>Christius</strong></span> <span class='ocrx_word' id='word_1_98' title='bbox 402 1361 498 1410; x_wconf 78' lang='lat' dir='ltr'><strong>autem</strong></span> <span class='ocrx_word' id='word_1_99' title='bbox 507 1360 605 1410; x_wconf 80' lang='lat' dir='ltr'><strong>nostro</strong></span> <span class='ocrx_word' id='word_1_100' title='bbox 616 1371 699 1409; x_wconf 86' lang='lat' dir='ltr'><strong>versu</strong></span> <span class='ocrx_word' id='word_1_101' title='bbox 706 1356 725 1424; x_wconf 83' lang='lat'><strong>¹)</strong></span> <span class='ocrx_word' id='word_1_102' title='bbox 735 1354 877 1410; x_wconf 89' lang='lat' dir='ltr'><strong>baccheos</strong></span> <span class='ocrx_word' id='word_1_103' title='bbox 887 1355 1007 1426; x_wconf 79' lang='lat' dir='ltr'><strong>accepit.</strong></span> <span class='ocrx_word' id='word_1_104' title='bbox 1019 1387 1052 1394; x_wconf 93' lang='lat'><em>-</em></span> <span class='ocrx_word' id='word_1_105' title='bbox 1063 1354 1256 1409; x_wconf 81' lang='lat' dir='ltr'><strong>Incertissima</strong></span> <span class='ocrx_word' id='word_1_106' title='bbox 1266 1371 1310 1409; x_wconf 89' lang='lat' dir='ltr'><strong>res</strong></span> <span class='ocrx_word' id='word_1_107' title='bbox 1320 1359 1375 1409; x_wconf 80' lang='lat' dir='ltr'><strong>est:</strong></span> 
     </span>
     <span class='ocr_line' id='line_1_13' title="bbox 340 1442 1376 1516; baseline -0.005 -15"><span class='ocrx_word' id='word_1_108' title='bbox 340 1445 446 1516; x_wconf 75' lang='lat' dir='ltr'><strong>suppl.</strong></span> <span class='ocrx_word' id='word_1_109' title='bbox 467 1445 529 1500; x_wconf 78' lang='lat'><strong>127.</strong></span> <span class='ocrx_word' id='word_1_110' title='bbox 554 1443 703 1508; x_wconf 79' lang='lat' dir='ltr'><strong>Quaenam</strong></span> <span class='ocrx_word' id='word_1_111' title='bbox 716 1443 799 1496; x_wconf 74' lang='lat' dir='ltr'><strong>metri</strong></span> <span class='ocrx_word' id='word_1_112' title='bbox 813 1443 905 1498; x_wconf 83' lang='lat' dir='ltr'><strong>forma</strong></span> <span class='ocrx_word' id='word_1_113' title='bbox 923 1442 1112 1514; x_wconf 81' lang='lat' dir='ltr'><strong>praeferenda</strong></span> <span class='ocrx_word' id='word_1_114' title='bbox 1130 1443 1175 1512; x_wconf 80' lang='lat' dir='ltr'><strong>sit,</strong></span> <span class='ocrx_word' id='word_1_115' title='bbox 1195 1460 1248 1514; x_wconf 84' lang='lat' dir='ltr'><strong>ego</strong></span> <span class='ocrx_word' id='word_1_116' title='bbox 1261 1442 1376 1513; x_wconf 89' lang='lat' dir='ltr'><strong>quidem</strong></span> 
     </span>
     <span class='ocr_line' id='line_1_14' title="bbox 252 1529 1377 1603; baseline -0.002 -15"><span class='ocrx_word' id='word_1_117' title='bbox 252 1535 357 1603; x_wconf 88' lang='lat' dir='ltr'><strong>nescio,</strong></span> <span class='ocrx_word' id='word_1_118' title='bbox 375 1550 440 1588; x_wconf 91' lang='lat' dir='ltr'><strong>cum</strong></span> <span class='ocrx_word' id='word_1_119' title='bbox 459 1533 506 1586; x_wconf 90' lang='lat' dir='ltr'><strong>hic</strong></span> <span class='ocrx_word' id='word_1_120' title='bbox 526 1548 639 1602; x_wconf 91' lang='lat' dir='ltr'><strong>quoque</strong></span> <span class='ocrx_word' id='word_1_121' title='bbox 659 1536 755 1586; x_wconf 78' lang='lat' dir='ltr'><strong>certae</strong></span> <span class='ocrx_word' id='word_1_122' title='bbox 774 1547 860 1586; x_wconf 88' lang='lat' dir='ltr'><strong>ansae</strong></span> <span class='ocrx_word' id='word_1_123' title='bbox 880 1529 982 1586; x_wconf 84' lang='lat' dir='ltr'><strong>desint.</strong></span> <span class='ocrx_word' id='word_1_124' title='bbox 1013 1532 1119 1586; x_wconf 77' lang='lat' dir='ltr'><strong>Uirum</strong></span> <span class='ocrx_word' id='word_1_125' title='bbox 1132 1548 1196 1586; x_wconf 92' lang='lat' dir='ltr'><strong>cum</strong></span> <span class='ocrx_word' id='word_1_126' title='bbox 1210 1533 1377 1587; x_wconf 83' lang='lat' dir='ltr'><strong>Hermanno</strong></span> 
     </span>
     <span class='ocr_line' id='line_1_15' title="bbox 252 1613 1378 1693; baseline -0.002 -17"><span class='ocrx_word' id='word_1_127' title='bbox 252 1623 449 1693; x_wconf 81' lang='lat' dir='ltr'><strong>antistrophae</strong></span> <span class='ocrx_word' id='word_1_128' title='bbox 463 1629 553 1676; x_wconf 81' lang='lat' dir='ltr'><strong>metro</strong></span> <span class='ocrx_word' id='word_1_129' title='bbox 569 1622 631 1689; x_wconf 75' lang='lat'><strong>(137</strong></span> <span class='ocrx_word' id='word_1_130' title='bbox 639 1637 647 1676; x_wconf 79' lang='lat' dir='ltr'><strong>a</strong></span> <span class='ocrx_word' id='word_1_131' title='bbox 667 1614 799 1688; x_wconf 82' lang='grc' dir='ltr'><strong><em>άδμήτας,</em></strong></span> <span class='ocrx_word' id='word_1_132' title='bbox 817 1613 936 1689; x_wconf 78' lang='grc' dir='ltr'><strong>ἀδμήτα)</strong></span> <span class='ocrx_word' id='word_1_133' title='bbox 949 1621 1055 1691; x_wconf 89' lang='lat' dir='ltr'><strong>primas</strong></span> <span class='ocrx_word' id='word_1_134' title='bbox 1068 1627 1164 1692; x_wconf 81' lang='lat' dir='ltr'><strong>partes</strong></span> <span class='ocrx_word' id='word_1_135' title='bbox 1177 1621 1378 1689; x_wconf 79' lang='lat' dir='ltr'><strong>attribuamus,</strong></span> 
     </span>
     <span class='ocr_line' id='line_1_16' title="bbox 252 1701 1377 1783; baseline -0.003 -16"><span class='ocrx_word' id='word_1_136' title='bbox 252 1719 281 1767; x_wconf 88' lang='lat' dir='ltr'><strong>et</strong></span> <span class='ocrx_word' id='word_1_137' title='bbox 300 1713 329 1766; x_wconf 92' lang='lat' dir='ltr'><strong>in</strong></span> <span class='ocrx_word' id='word_1_138' title='bbox 348 1711 467 1783; x_wconf 80' lang='lat' dir='ltr'><strong>stropha</strong></span> <span class='ocrx_word' id='word_1_139' title='bbox 486 1729 537 1782; x_wconf 91' lang='lat' dir='ltr'><strong>pro</strong></span> <span class='ocrx_word' id='word_1_140' title='bbox 557 1701 678 1781; x_wconf 82' lang='grc' dir='ltr'><strong><em>πατὴρὸ</em></strong></span> <span class='ocrx_word' id='word_1_141' title='bbox 696 1707 859 1774; x_wconf 83' lang='grc' dir='ltr'><strong><em>παντόπτας</em></strong></span> <span class='ocrx_word' id='word_1_142' title='bbox 876 1710 1046 1764; x_wconf 87' lang='lat' dir='ltr'><strong>scribamus:</strong></span> <span class='ocrx_word' id='word_1_143' title='bbox 1065 1707 1234 1781; x_wconf 81' lang='grc' dir='ltr'><strong><em>παντάρχας,</em></strong></span> <span class='ocrx_word' id='word_1_144' title='bbox 1253 1705 1377 1765; x_wconf 86' lang='grc' dir='ltr'><strong><em>παντόπ-</em></strong></span> 
     </span>
     <span class='ocr_line' id='line_1_17' title="bbox 252 1797 1377 1870; baseline -0.004 -14"><span class='ocrx_word' id='word_1_145' title='bbox 252 1801 329 1870; x_wconf 61' lang='lat' dir='ltr'><strong>saci)</strong></span> <span class='ocrx_word' id='word_1_146' title='bbox 349 1819 386 1855; x_wconf 90' lang='lat' dir='ltr'><strong>an</strong></span> <span class='ocrx_word' id='word_1_147' title='bbox 404 1818 470 1855; x_wconf 88' lang='lat' dir='ltr'><strong>cum</strong></span> <span class='ocrx_word' id='word_1_148' title='bbox 489 1799 638 1854; x_wconf 87' lang='lat' dir='ltr'><strong>Dindorfio</strong></span> <span class='ocrx_word' id='word_1_149' title='bbox 658 1804 687 1853; x_wconf 82' lang='lat' dir='ltr'><strong>et</strong></span> <span class='ocrx_word' id='word_1_150' title='bbox 706 1797 881 1868; x_wconf 82' lang='lat' dir='ltr'><strong>Lobeckio⁸)</strong></span> <span class='ocrx_word' id='word_1_151' title='bbox 907 1799 1045 1853; x_wconf 77' lang='lat' dir='ltr'><strong>traditum</strong></span> <span class='ocrx_word' id='word_1_152' title='bbox 1064 1804 1187 1853; x_wconf 81' lang='lat' dir='ltr'><strong>metrum</strong></span> <span class='ocrx_word' id='word_1_153' title='bbox 1211 1799 1377 1870; x_wconf 88' lang='lat' dir='ltr'><strong>strophae</strong></span> 
     </span>
     <span class='ocr_line' id='line_1_18' title="bbox 252 1878 1377 1963; baseline -0.003 -18"><span class='ocrx_word' id='word_1_154' title='bbox 252 1891 316 1963; x_wconf 90' lang='lat' dir='ltr'><strong>plus</strong></span> <span class='ocrx_word' id='word_1_155' title='bbox 344 1889 552 1946; x_wconf 86' lang='lat' dir='ltr'><strong>aestimandum</strong></span> <span class='ocrx_word' id='word_1_156' title='bbox 579 1890 629 1954; x_wconf 83' lang='lat' dir='ltr'><strong>sit,</strong></span> <span class='ocrx_word' id='word_1_157' title='bbox 662 1887 826 1942; x_wconf 88' lang='lat' dir='ltr'><strong>scribendo:</strong></span> <span class='ocrx_word' id='word_1_158' title='bbox 860 1878 983 1956; x_wconf 81' lang='grc' dir='ltr'><strong><em>άδμητος</em></strong></span> <span class='ocrx_word' id='word_1_159' title='bbox 1009 1881 1148 1955; x_wconf 78' lang='grc' dir='ltr'><strong><em>ἀδμήτας,</em></strong></span> <span class='ocrx_word' id='word_1_160' title='bbox 1180 1905 1233 1958; x_wconf 88' lang='lat' dir='ltr'><strong>ego</strong></span> <span class='ocrx_word' id='word_1_161' title='bbox 1262 1887 1377 1958; x_wconf 89' lang='lat' dir='ltr'><strong>quidem</strong></span> 
     </span>
     <span class='ocr_line' id='line_1_19' title="bbox 253 1979 388 2049; baseline 0.007 -17"><span class='ocrx_word' id='word_1_162' title='bbox 253 1979 388 2049; x_wconf 83' lang='lat' dir='ltr'><strong>haere0.⁴)</strong></span> 
     </span>
    </p>
   </div>
   <div class='ocr_carea' id='block_1_3' title="bbox 536 2102 1096 2171">
    <p class='ocr_par' dir='ltr' id='par_1_3' title="bbox 536 2102 1096 2171">
     <span class='ocr_line' id='line_1_20' title="bbox 536 2102 1096 2171; baseline -0.043 -1"><span class='ocrx_word' id='word_1_163' title='bbox 536 2102 1096 2171; x_wconf 45' lang='lat' dir='ltr'><strong>⁷)&#39;3·et4·1²ed³⁸on⁶·v-vm--</strong></span> 
     </span>
    </p>
   </div>
   <div class='ocr_carea' id='block_1_4' title="bbox 253 2205 1379 2454">
    <p class='ocr_par' dir='ltr' id='par_1_4' title="bbox 253 2205 1379 2454">
     <span class='ocr_line' id='line_1_21' title="bbox 342 2205 1377 2275; baseline -0.002 -12"><span class='ocrx_word' id='word_1_164' title='bbox 342 2209 427 2264; x_wconf 82' lang='lat' dir='ltr'><strong>lium.</strong></span> <span class='ocrx_word' id='word_1_165' title='bbox 446 2209 514 2263; x_wconf 76' lang='lat'><strong>379:</strong></span> <span class='ocrx_word' id='word_1_166' title='bbox 533 2225 565 2261; x_wconf 86' lang='grc' dir='ltr'><strong>τε</strong></span> <span class='ocrx_word' id='word_1_167' title='bbox 582 2205 731 2275; x_wconf 82' lang='grc' dir='ltr'><strong><em>μνήμονες,</em></strong></span> <span class='ocrx_word' id='word_1_168' title='bbox 751 2207 857 2274; x_wconf 80' lang='grc' dir='ltr'><strong><em>σεμναί.</em></strong></span> <span class='ocrx_word' id='word_1_169' title='bbox 895 2208 937 2262; x_wconf 92' lang='lat' dir='ltr'><strong>De</strong></span> <span class='ocrx_word' id='word_1_170' title='bbox 957 2207 1036 2261; x_wconf 87' lang='lat' dir='ltr'><strong>varia</strong></span> <span class='ocrx_word' id='word_1_171' title='bbox 1054 2207 1139 2260; x_wconf 88' lang='lat' dir='ltr'><strong>huius</strong></span> <span class='ocrx_word' id='word_1_172' title='bbox 1158 2214 1187 2261; x_wconf 82' lang='lat' dir='ltr'><strong>et</strong></span> <span class='ocrx_word' id='word_1_173' title='bbox 1206 2207 1377 2261; x_wconf 76' lang='lat' dir='ltr'><strong>anteceden-</strong></span> 
     </span>
     <span class='ocr_line' id='line_1_22' title="bbox 253 2293 1379 2368; baseline -0.003 -16"><span class='ocrx_word' id='word_1_174' title='bbox 253 2299 325 2353; x_wconf 81' lang='lat' dir='ltr'><strong>tium</strong></span> <span class='ocrx_word' id='word_1_175' title='bbox 337 2315 470 2352; x_wconf 90' lang='lat' dir='ltr'><strong>versuum</strong></span> <span class='ocrx_word' id='word_1_176' title='bbox 488 2314 621 2351; x_wconf 88' lang='lat' dir='ltr'><strong>mensura</strong></span> <span class='ocrx_word' id='word_1_177' title='bbox 634 2297 669 2352; x_wconf 85' lang='lat' dir='ltr'><strong>cf.</strong></span> <span class='ocrx_word' id='word_1_178' title='bbox 690 2314 763 2367; x_wconf 90' lang='lat' dir='ltr'><strong>quae</strong></span> <span class='ocrx_word' id='word_1_179' title='bbox 776 2313 841 2368; x_wconf 89' lang='lat' dir='ltr'><strong>pag.</strong></span> <span class='ocrx_word' id='word_1_180' title='bbox 857 2297 890 2351; x_wconf 87' lang='lat'><strong>38</strong></span> <span class='ocrx_word' id='word_1_181' title='bbox 909 2297 1160 2366; x_wconf 63' lang='lat' dir='ltr'><strong>commemoravii)</strong></span> <span class='ocrx_word' id='word_1_182' title='bbox 1174 2319 1209 2348; x_wconf 75' lang='grc' dir='ltr'><strong><em>ω</em></strong></span> <span class='ocrx_word' id='word_1_183' title='bbox 1222 2297 1289 2352; x_wconf 76' lang='grc' dir='ltr'><strong><em>387ι</em></strong></span> <span class='ocrx_word' id='word_1_184' title='bbox 1308 2293 1379 2364; x_wconf 80' lang='grc' dir='ltr'><strong><em>ἐμοῦ</em></strong></span> 
     </span>
     <span class='ocr_line' id='line_1_23' title="bbox 253 2383 481 2454; baseline 0 -13"><span class='ocrx_word' id='word_1_185' title='bbox 253 2383 348 2442; x_wconf 82' lang='grc' dir='ltr'><strong><em>κλάων</em></strong></span> <span class='ocrx_word' id='word_1_186' title='bbox 365 2385 481 2454; x_wconf 76' lang='grc' dir='ltr'><strong><em>θεσμόν.</em></strong></span> 
     </span>
    </p>
   </div>
   <div class='ocr_carea' id='block_1_5' title="bbox 544 2513 1088 2594">
    <p class='ocr_par' dir='ltr' id='par_1_5' title="bbox 544 2513 1088 2594">
     <span class='ocr_line' id='line_1_24' title="bbox 544 2513 1088 2594; baseline 0 -30"><span class='ocrx_word' id='word_1_187' title='bbox 544 2513 569 2576; x_wconf 83' lang='grc' dir='ltr'><strong>δ)</strong></span> <span class='ocrx_word' id='word_1_188' title='bbox 589 2515 617 2565; x_wconf 83' lang='lat'><strong>2.</strong></span> <span class='ocrx_word' id='word_1_189' title='bbox 636 2514 661 2565; x_wconf 89' lang='lat'><strong>3.</strong></span> <span class='ocrx_word' id='word_1_190' title='bbox 680 2514 706 2565; x_wconf 81' lang='grc'><strong>4.</strong></span> <span class='ocrx_word' id='word_1_191' title='bbox 725 2513 789 2581; x_wconf 84' lang='lat' dir='ltr'><strong>pede</strong></span> <span class='ocrx_word' id='word_1_192' title='bbox 807 2529 879 2594; x_wconf 73' lang='lat' dir='ltr'><strong>eppo.</strong></span> <span class='ocrx_word' id='word_1_193' title='bbox 897 2535 1088 2564; x_wconf 40' lang='grc' dir='ltr'><strong><em>ιιι-μμ-</em></strong></span> 
     </span>
    </p>
   </div>
   <div class='ocr_carea' id='block_1_6' title="bbox 253 2608 1378 3042">
    <p class='ocr_par' dir='ltr' id='par_1_6' title="bbox 253 2608 1378 3042">
     <span class='ocr_line' id='line_1_25' title="bbox 341 2608 1378 2690; baseline -0.004 -16"><span class='ocrx_word' id='word_1_194' title='bbox 341 2621 425 2674; x_wconf 84' lang='lat' dir='ltr'><strong>Eum.</strong></span> <span class='ocrx_word' id='word_1_195' title='bbox 445 2620 513 2674; x_wconf 74' lang='lat'><strong>9402</strong></span> <span class='ocrx_word' id='word_1_196' title='bbox 532 2619 599 2673; x_wconf 77' lang='grc' dir='ltr'><strong><em>θεαί</em></strong></span> <span class='ocrx_word' id='word_1_197' title='bbox 616 2613 640 2672; x_wconf 85' lang='grc' dir='ltr'><strong>τ’</strong></span> <span class='ocrx_word' id='word_1_198' title='bbox 653 2608 676 2672; x_wconf 77' lang='grc' dir='ltr'><strong>τά</strong></span> <span class='ocrx_word' id='word_1_199' title='bbox 691 2620 805 2690; x_wconf 83' lang='grc' dir='ltr'><strong><em>Μοῖραι,</em></strong></span> <span class='ocrx_word' id='word_1_200' title='bbox 824 2635 881 2689; x_wconf 92' lang='lat' dir='ltr'><strong>quo</strong></span> <span class='ocrx_word' id='word_1_201' title='bbox 901 2618 980 2672; x_wconf 84' lang='grc' dir='ltr'><strong>τοναί</strong></span> <span class='ocrx_word' id='word_1_202' title='bbox 997 2634 1104 2688; x_wconf 86' lang='lat' dir='ltr'><strong>preces,</strong></span> <span class='ocrx_word' id='word_1_203' title='bbox 1124 2634 1197 2687; x_wconf 89' lang='lat' dir='ltr'><strong>quae</strong></span> <span class='ocrx_word' id='word_1_204' title='bbox 1217 2617 1253 2671; x_wconf 91' lang='lat' dir='ltr'><strong>ad</strong></span> <span class='ocrx_word' id='word_1_205' title='bbox 1272 2617 1378 2672; x_wconf 84' lang='lat' dir='ltr'><strong>Parcas</strong></span> 
     </span>
     <span class='ocr_line' id='line_1_26' title="bbox 254 2706 1377 2778; baseline -0.002 -17"><span class='ocrx_word' id='word_1_206' title='bbox 254 2708 421 2775; x_wconf 78' lang='lat' dir='ltr'><strong>mittuntur,</strong></span> <span class='ocrx_word' id='word_1_207' title='bbox 445 2706 518 2762; x_wconf 90' lang='lat' dir='ltr'><strong>bene</strong></span> <span class='ocrx_word' id='word_1_208' title='bbox 543 2706 680 2775; x_wconf 86' lang='lat' dir='ltr'><strong>reddunt,</strong></span> <span class='ocrx_word' id='word_1_209' title='bbox 704 2725 797 2778; x_wconf 89' lang='lat' dir='ltr'><strong>neque</strong></span> <span class='ocrx_word' id='word_1_210' title='bbox 822 2707 905 2761; x_wconf 81' lang='lat' dir='ltr'><strong>aliter</strong></span> <span class='ocrx_word' id='word_1_211' title='bbox 924 2723 969 2761; x_wconf 86' lang='lat' dir='ltr'><strong>res</strong></span> <span class='ocrx_word' id='word_1_212' title='bbox 987 2724 1016 2761; x_wconf 88' lang='lat' dir='ltr'><strong>se</strong></span> <span class='ocrx_word' id='word_1_213' title='bbox 1036 2706 1125 2761; x_wconf 81' lang='lat' dir='ltr'><strong>habet</strong></span> <span class='ocrx_word' id='word_1_214' title='bbox 1148 2707 1178 2760; x_wconf 92' lang='lat' dir='ltr'><strong>in</strong></span> <span class='ocrx_word' id='word_1_215' title='bbox 1197 2724 1281 2761; x_wconf 89' lang='lat' dir='ltr'><strong>versu</strong></span> <span class='ocrx_word' id='word_1_216' title='bbox 1304 2707 1377 2759; x_wconf 87' lang='lat' dir='ltr'><strong>anti-</strong></span> 
     </span>
     <span class='ocr_line' id='line_1_27' title="bbox 253 2789 1376 2867; baseline -0.002 -17"><span class='ocrx_word' id='word_1_217' title='bbox 253 2796 411 2867; x_wconf 81' lang='lat' dir='ltr'><strong>strophico:</strong></span> <span class='ocrx_word' id='word_1_218' title='bbox 431 2797 499 2851; x_wconf 77' lang='lat'><strong>959:</strong></span> <span class='ocrx_word' id='word_1_219' title='bbox 519 2790 555 2848; x_wconf 83' lang='grc' dir='ltr'><strong><em>δι’</em></strong></span> <span class='ocrx_word' id='word_1_220' title='bbox 569 2789 656 2865; x_wconf 81' lang='grc' dir='ltr'><strong><em>ὀργάν</em></strong></span> <span class='ocrx_word' id='word_1_221' title='bbox 668 2792 776 2859; x_wconf 88' lang='grc' dir='ltr'><strong><em>ποινάς,</em></strong></span> <span class='ocrx_word' id='word_1_222' title='bbox 795 2813 852 2865; x_wconf 92' lang='lat' dir='ltr'><strong>quo</strong></span> <span class='ocrx_word' id='word_1_223' title='bbox 866 2796 996 2848; x_wconf 81' lang='lat' dir='ltr'><strong>notiones</strong></span> <span class='ocrx_word' id='word_1_224' title='bbox 1011 2795 1121 2864; x_wconf 84' lang='lat' dir='ltr'><strong>,gravis</strong></span> <span class='ocrx_word' id='word_1_225' title='bbox 1134 2795 1192 2848; x_wconf 85' lang='lat' dir='ltr'><strong>ira“</strong></span> <span class='ocrx_word' id='word_1_226' title='bbox 1207 2801 1236 2849; x_wconf 84' lang='lat' dir='ltr'><strong>et</strong></span> <span class='ocrx_word' id='word_1_227' title='bbox 1251 2797 1376 2864; x_wconf 81' lang='lat' dir='ltr'><strong>„poena“</strong></span> 
     </span>
     <span class='ocr_line' id='line_1_28' title="bbox 253 2883 1378 2956; baseline -0.002 -17"><span class='ocrx_word' id='word_1_228' title='bbox 253 2885 371 2956; x_wconf 86' lang='lat' dir='ltr'><strong>syllabis</strong></span> <span class='ocrx_word' id='word_1_229' title='bbox 394 2885 520 2939; x_wconf 81' lang='lat' dir='ltr'><strong>extensis</strong></span> <span class='ocrx_word' id='word_1_230' title='bbox 543 2884 690 2954; x_wconf 87' lang='lat' dir='ltr'><strong>praeclare</strong></span> <span class='ocrx_word' id='word_1_231' title='bbox 714 2884 928 2954; x_wconf 79' lang='lat' dir='ltr'><strong>illustrantur.⁰)</strong></span> <span class='ocrx_word' id='word_1_232' title='bbox 966 2883 1096 2938; x_wconf 83' lang='lat' dir='ltr'><strong>Eandem</strong></span> <span class='ocrx_word' id='word_1_233' title='bbox 1114 2901 1275 2938; x_wconf 88' lang='lat' dir='ltr'><strong>mensuram</strong></span> <span class='ocrx_word' id='word_1_234' title='bbox 1294 2883 1378 2938; x_wconf 90' lang='lat' dir='ltr'><strong>Ross-</strong></span> 
     </span>
     <span class='ocr_line' id='line_1_29' title="bbox 253 2972 896 3042; baseline -0.003 -14"><span class='ocrx_word' id='word_1_235' title='bbox 253 2974 402 3042; x_wconf 65' lang='lat' dir='ltr'><strong>bachiusi)</strong></span> <span class='ocrx_word' id='word_1_236' title='bbox 422 2979 452 3027; x_wconf 81' lang='lat' dir='ltr'><strong>ei</strong></span> <span class='ocrx_word' id='word_1_237' title='bbox 471 2972 673 3042; x_wconf 81' lang='lat' dir='ltr'><strong>Schmidtius⁸)</strong></span> <span class='ocrx_word' id='word_1_238' title='bbox 693 2972 896 3027; x_wconf 83' lang='lat' dir='ltr'><strong>adhibuerunt.</strong></span> 
     </span>
    </p>
   </div>
   <div class='ocr_carea' id='block_1_7' title="bbox 282 3120 1342 3302">
    <p class='ocr_par' dir='ltr' id='par_1_7' title="bbox 282 3120 1342 3302">
     <span class='ocr_line' id='line_1_30' title="bbox 282 3120 1342 3196; baseline -0.001 -18"><span class='ocrx_word' id='word_1_239' title='bbox 282 3126 322 3196; x_wconf 89' lang='lat' dir='ltr'><strong>D)</strong></span> <span class='ocrx_word' id='word_1_240' title='bbox 341 3126 482 3190; x_wconf 86' lang='lat' dir='ltr'><strong>Versus,</strong></span> <span class='ocrx_word' id='word_1_241' title='bbox 502 3124 627 3195; x_wconf 89' lang='lat' dir='ltr'><strong>quibus</strong></span> <span class='ocrx_word' id='word_1_242' title='bbox 646 3123 709 3178; x_wconf 90' lang='lat' dir='ltr'><strong>alii</strong></span> <span class='ocrx_word' id='word_1_243' title='bbox 728 3124 833 3194; x_wconf 86' lang='lat' dir='ltr'><strong>pedes</strong></span> <span class='ocrx_word' id='word_1_244' title='bbox 852 3124 1024 3195; x_wconf 87' lang='lat' dir='ltr'><strong>simulque</strong></span> <span class='ocrx_word' id='word_1_245' title='bbox 1044 3120 1125 3191; x_wconf 82' lang='grc' dir='ltr'><strong>τονὴ</strong></span> <span class='ocrx_word' id='word_1_246' title='bbox 1144 3129 1342 3180; x_wconf 84' lang='lat' dir='ltr'><strong>occurrunt.</strong></span> 
     </span>
     <span class='ocr_line' id='line_1_31' title="bbox 652 3229 985 3302; baseline 0.006 -18"><span class='ocrx_word' id='word_1_247' title='bbox 652 3232 680 3302; x_wconf 88' lang='lat' dir='ltr'><strong>a)</strong></span> <span class='ocrx_word' id='word_1_248' title='bbox 700 3230 844 3302; x_wconf 88' lang='lat' dir='ltr'><strong>spondeus</strong></span> <span class='ocrx_word' id='word_1_249' title='bbox 862 3237 892 3285; x_wconf 82' lang='lat' dir='ltr'><strong>et</strong></span> <span class='ocrx_word' id='word_1_250' title='bbox 910 3229 985 3298; x_wconf 86' lang='grc' dir='ltr'><strong><em>τονὴ.</em></strong></span> 
     </span>
    </p>
   </div>
   <div class='ocr_carea' id='block_1_8' title="bbox 253 3332 1380 3675">
    <p class='ocr_par' dir='ltr' id='par_1_8' title="bbox 253 3332 1380 3675">
     <span class='ocr_line' id='line_1_32' title="bbox 343 3332 1379 3409; baseline -0.003 -15"><span class='ocrx_word' id='word_1_251' title='bbox 343 3341 446 3396; x_wconf 86' lang='lat' dir='ltr'><strong>Prom.</strong></span> <span class='ocrx_word' id='word_1_252' title='bbox 468 3340 536 3395; x_wconf 77' lang='lat'><strong>4322</strong></span> <span class='ocrx_word' id='word_1_253' title='bbox 567 3334 666 3402; x_wconf 82' lang='grc' dir='ltr'><strong><em>νώτοις</em></strong></span> <span class='ocrx_word' id='word_1_254' title='bbox 694 3332 876 3406; x_wconf 75' lang='grc' dir='ltr'><strong><em>ὑποστενάζει</em></strong></span> <span class='ocrx_word' id='word_1_255' title='bbox 894 3355 912 3392; x_wconf 75' lang='lat' dir='ltr'><strong>o</strong></span> <span class='ocrx_word' id='word_1_256' title='bbox 925 3363 1002 3392; x_wconf 80' lang='lat' dir='ltr'><strong>-o-</strong></span> <span class='ocrx_word' id='word_1_257' title='bbox 1015 3364 1079 3390; x_wconf 61' lang='grc' dir='ltr'><strong><em>οι..</em></strong></span> <span class='ocrx_word' id='word_1_258' title='bbox 1093 3382 1118 3392; x_wconf 91' lang='grc'><strong>-.</strong></span> <span class='ocrx_word' id='word_1_259' title='bbox 1160 3340 1227 3394; x_wconf 89' lang='lat' dir='ltr'><strong>Jam</strong></span> <span class='ocrx_word' id='word_1_260' title='bbox 1255 3355 1320 3409; x_wconf 87' lang='lat' dir='ltr'><strong>pag.</strong></span> <span class='ocrx_word' id='word_1_261' title='bbox 1344 3339 1379 3391; x_wconf 85' lang='lat'><strong>20</strong></span> 
     </span>
     <span class='ocr_line' id='line_1_33' title="bbox 253 3427 1379 3498; baseline -0.002 -16"><span class='ocrx_word' id='word_1_262' title='bbox 253 3428 379 3484; x_wconf 86' lang='lat' dir='ltr'><strong>diversas</strong></span> <span class='ocrx_word' id='word_1_263' title='bbox 397 3429 521 3482; x_wconf 88' lang='lat' dir='ltr'><strong>virorum</strong></span> <span class='ocrx_word' id='word_1_264' title='bbox 541 3427 690 3482; x_wconf 77' lang='lat' dir='ltr'><strong>doctorum</strong></span> <span class='ocrx_word' id='word_1_265' title='bbox 709 3429 875 3497; x_wconf 84' lang='lat' dir='ltr'><strong>sententias,</strong></span> <span class='ocrx_word' id='word_1_266' title='bbox 895 3445 968 3498; x_wconf 87' lang='lat' dir='ltr'><strong>quae</strong></span> <span class='ocrx_word' id='word_1_267' title='bbox 987 3428 1023 3482; x_wconf 89' lang='lat' dir='ltr'><strong>de</strong></span> <span class='ocrx_word' id='word_1_268' title='bbox 1043 3428 1247 3498; x_wconf 81' lang='lat' dir='ltr'><strong>compositione</strong></span> <span class='ocrx_word' id='word_1_269' title='bbox 1267 3427 1379 3498; x_wconf 82' lang='lat' dir='ltr'><strong>apodici</strong></span> 
     </span>
     <span class='ocr_line' id='line_1_34' title="bbox 253 3508 1380 3587; baseline -0.001 -17"><span class='ocrx_word' id='word_1_270' title='bbox 253 3517 382 3587; x_wconf 80' lang='lat' dir='ltr'><strong>prolatae</strong></span> <span class='ocrx_word' id='word_1_271' title='bbox 408 3521 487 3584; x_wconf 80' lang='lat' dir='ltr'><strong>sunt,</strong></span> <span class='ocrx_word' id='word_1_272' title='bbox 512 3516 714 3586; x_wconf 81' lang='lat' dir='ltr'><strong>reputavimus.</strong></span> <span class='ocrx_word' id='word_1_273' title='bbox 756 3517 864 3571; x_wconf 83' lang='lat' dir='ltr'><strong>Versus</strong></span> <span class='ocrx_word' id='word_1_274' title='bbox 888 3517 1009 3571; x_wconf 75' lang='lat' dir='ltr'><strong>dimeter</strong></span> <span class='ocrx_word' id='word_1_275' title='bbox 1033 3522 1089 3585; x_wconf 82' lang='lat' dir='ltr'><strong>est,</strong></span> <span class='ocrx_word' id='word_1_276' title='bbox 1117 3517 1167 3586; x_wconf 92' lang='lat' dir='ltr'><strong>qui</strong></span> <span class='ocrx_word' id='word_1_277' title='bbox 1195 3508 1265 3570; x_wconf 86' lang='lat' dir='ltr'><strong>m&#39;ihi</strong></span> <span class='ocrx_word' id='word_1_278' title='bbox 1289 3517 1380 3586; x_wconf 87' lang='lat' dir='ltr'><strong>magis</strong></span> 
     </span>
     <span class='ocr_line' id='line_1_35' title="bbox 254 3603 1379 3675; baseline 0 -16"><span class='ocrx_word' id='word_1_279' title='bbox 254 3605 372 3659; x_wconf 87' lang='lat' dir='ltr'><strong>idoneus</strong></span> <span class='ocrx_word' id='word_1_280' title='bbox 391 3604 513 3673; x_wconf 76' lang='lat' dir='ltr'><strong>videtur,</strong></span> <span class='ocrx_word' id='word_1_281' title='bbox 533 3621 619 3674; x_wconf 88' lang='lat' dir='ltr'><strong>quam</strong></span> <span class='ocrx_word' id='word_1_282' title='bbox 637 3611 768 3673; x_wconf 86' lang='lat' dir='ltr'><strong>metrum,</strong></span> <span class='ocrx_word' id='word_1_283' title='bbox 788 3604 865 3675; x_wconf 89' lang='lat' dir='ltr'><strong>quod</strong></span> <span class='ocrx_word' id='word_1_284' title='bbox 883 3604 1077 3674; x_wconf 83' lang='lat' dir='ltr'><strong>Dindoriius⁹)</strong></span> <span class='ocrx_word' id='word_1_285' title='bbox 1096 3610 1146 3658; x_wconf 84' lang='lat' dir='ltr'><strong>aut</strong></span> <span class='ocrx_word' id='word_1_286' title='bbox 1164 3603 1379 3672; x_wconf 68' lang='lat' dir='ltr'><strong>Ribbeckiusw)</strong></span> 
     </span>
    </p>
   </div>
   <div class='ocr_carea' id='block_1_9' title="bbox 253 3740 1380 4377">
    <p class='ocr_par' dir='ltr' id='par_1_9' title="bbox 253 3740 1380 4377">
     <span class='ocr_line' id='line_1_36' title="bbox 344 3740 1380 3817; baseline -0.001 -17"><span class='ocrx_word' id='word_1_287' title='bbox 344 3746 370 3815; x_wconf 84' lang='lat'><strong>1)</strong></span> <span class='ocrx_word' id='word_1_288' title='bbox 389 3747 472 3801; x_wconf 78' lang='lat' dir='ltr'><strong>Matr.</strong></span> <span class='ocrx_word' id='word_1_289' title='bbox 497 3763 562 3816; x_wconf 89' lang='lat' dir='ltr'><strong>pag.</strong></span> <span class='ocrx_word' id='word_1_290' title='bbox 585 3747 646 3801; x_wconf 87' lang='grc'><strong>416.</strong></span> <span class='ocrx_word' id='word_1_291' title='bbox 676 3778 709 3786; x_wconf 88' lang='grc'><strong>-</strong></span> <span class='ocrx_word' id='word_1_292' title='bbox 744 3747 771 3816; x_wconf 81' lang='grc'><strong>2)</strong></span> <span class='ocrx_word' id='word_1_293' title='bbox 791 3746 856 3801; x_wconf 86' lang='lat' dir='ltr'><strong>coll.</strong></span> <span class='ocrx_word' id='word_1_294' title='bbox 876 3747 963 3817; x_wconf 83' lang='lat' dir='ltr'><strong>Soph.</strong></span> <span class='ocrx_word' id='word_1_295' title='bbox 984 3746 1054 3801; x_wconf 87' lang='lat' dir='ltr'><strong>Oed.</strong></span> <span class='ocrx_word' id='word_1_296' title='bbox 1074 3746 1134 3800; x_wconf 83' lang='lat' dir='ltr'><strong>Col.</strong></span> <span class='ocrx_word' id='word_1_297' title='bbox 1155 3747 1237 3801; x_wconf 83' lang='lat'>1085:</span> <span class='ocrx_word' id='word_1_298' title='bbox 1262 3740 1295 3800; x_wconf 79' lang='lat' dir='ltr'><strong>lui</strong></span> <span class='ocrx_word' id='word_1_299' title='bbox 1315 3749 1380 3811; x_wconf 83' lang='grc' dir='ltr'><strong><em>Ζεῦ,</em></strong></span> 
     </span>
     <span class='ocr_line' id='line_1_37' title="bbox 253 3821 1379 3897; baseline -0.001 -17"><span class='ocrx_word' id='word_1_300' title='bbox 253 3821 402 3897; x_wconf 83' lang='grc' dir='ltr'><strong><em>πάνταρχε,</em></strong></span> <span class='ocrx_word' id='word_1_301' title='bbox 420 3828 498 3879; x_wconf 76' lang='grc' dir='ltr'><strong><em>θεῶν</em></strong></span> <span class='ocrx_word' id='word_1_302' title='bbox 516 3822 671 3881; x_wconf 87' lang='grc' dir='ltr'><strong><em>παντόπτα.</em></strong></span> <span class='ocrx_word' id='word_1_303' title='bbox 691 3858 724 3866; x_wconf 95' lang='grc'>-</span> <span class='ocrx_word' id='word_1_304' title='bbox 744 3827 770 3895; x_wconf 87' lang='grc'><strong>3)</strong></span> <span class='ocrx_word' id='word_1_305' title='bbox 790 3827 826 3880; x_wconf 84' lang='lat' dir='ltr'><strong>cs.</strong></span> <span class='ocrx_word' id='word_1_306' title='bbox 845 3827 963 3881; x_wconf 88' lang='lat' dir='ltr'><strong>Aiacem</strong></span> <span class='ocrx_word' id='word_1_307' title='bbox 982 3845 1007 3880; x_wconf 95' lang='lat' dir='ltr'><strong>a.</strong></span> <span class='ocrx_word' id='word_1_308' title='bbox 1029 3827 1096 3880; x_wconf 81' lang='lat'>1809</span> <span class='ocrx_word' id='word_1_309' title='bbox 1112 3827 1148 3882; x_wconf 88' lang='lat' dir='ltr'><strong>V.</strong></span> <span class='ocrx_word' id='word_1_310' title='bbox 1169 3828 1228 3881; x_wconf 81' lang='lat'><strong>175.</strong></span> <span class='ocrx_word' id='word_1_311' title='bbox 1248 3857 1282 3866; x_wconf 90' lang='lat'><em>—</em></span> <span class='ocrx_word' id='word_1_312' title='bbox 1301 3827 1330 3896; x_wconf 81' lang='lat'><strong>4)</strong></span> <span class='ocrx_word' id='word_1_313' title='bbox 1349 3825 1379 3879; x_wconf 93' lang='lat' dir='ltr'><strong>id</strong></span> 
     </span>
     <span class='ocr_line' id='line_1_38' title="bbox 255 3905 1379 3978; baseline 0 -18"><span class='ocrx_word' id='word_1_314' title='bbox 255 3905 332 3976; x_wconf 87' lang='lat' dir='ltr'><strong>quod</strong></span> <span class='ocrx_word' id='word_1_315' title='bbox 363 3906 450 3960; x_wconf 84' lang='lat' dir='ltr'><strong>etiam</strong></span> <span class='ocrx_word' id='word_1_316' title='bbox 481 3906 659 3960; x_wconf 88' lang='lat' dir='ltr'><strong>Bernhardio</strong></span> <span class='ocrx_word' id='word_1_317' title='bbox 691 3907 809 3975; x_wconf 87' lang='lat' dir='ltr'><strong>aeeidit,</strong></span> <span class='ocrx_word' id='word_1_318' title='bbox 841 3907 890 3978; x_wconf 92' lang='lat' dir='ltr'><strong>qui</strong></span> <span class='ocrx_word' id='word_1_319' title='bbox 914 3907 931 3961; x_wconf 91' lang='lat' dir='ltr'><strong>l.</strong></span> <span class='ocrx_word' id='word_1_320' title='bbox 960 3907 979 3961; x_wconf 95' lang='lat' dir='ltr'><strong>l.</strong></span> <span class='ocrx_word' id='word_1_321' title='bbox 1007 3924 1073 3978; x_wconf 85' lang='lat' dir='ltr'><strong>pag.</strong></span> <span class='ocrx_word' id='word_1_322' title='bbox 1097 3908 1130 3960; x_wconf 84' lang='lat'><strong>21</strong></span> <span class='ocrx_word' id='word_1_323' title='bbox 1159 3908 1236 3961; x_wconf 91' lang='lat' dir='ltr'><strong>huno</strong></span> <span class='ocrx_word' id='word_1_324' title='bbox 1267 3923 1379 3961; x_wconf 88' lang='lat' dir='ltr'><strong>versum</strong></span> 
     </span>
     <span class='ocr_line' id='line_1_39' title="bbox 254 3986 1379 4057; baseline 0.001 -18"><span class='ocrx_word' id='word_1_325' title='bbox 254 3987 400 4041; x_wconf 82' lang='lat' dir='ltr'><strong>intereos</strong></span> <span class='ocrx_word' id='word_1_326' title='bbox 423 3992 567 4052; x_wconf 77' lang='lat' dir='ltr'><strong>numerat,</strong></span> <span class='ocrx_word' id='word_1_327' title='bbox 596 3986 631 4041; x_wconf 91' lang='lat' dir='ltr'><strong>de</strong></span> <span class='ocrx_word' id='word_1_328' title='bbox 656 4004 776 4057; x_wconf 91' lang='lat' dir='ltr'><strong>quorum</strong></span> <span class='ocrx_word' id='word_1_329' title='bbox 799 4005 932 4042; x_wconf 88' lang='lat' dir='ltr'><strong>mensura</strong></span> <span class='ocrx_word' id='word_1_330' title='bbox 955 3987 1067 4041; x_wconf 90' lang='lat' dir='ltr'><strong>nullum</strong></span> <span class='ocrx_word' id='word_1_331' title='bbox 1090 3987 1228 4041; x_wconf 91' lang='lat' dir='ltr'><strong>iudicium</strong></span> <span class='ocrx_word' id='word_1_332' title='bbox 1251 3986 1379 4056; x_wconf 85' lang='lat' dir='ltr'><strong>proferre</strong></span> 
     </span>
     <span class='ocr_line' id='line_1_40' title="bbox 255 4066 1380 4136; baseline 0 -16"><span class='ocrx_word' id='word_1_333' title='bbox 255 4066 351 4134; x_wconf 88' lang='lat' dir='ltr'><strong>possis.</strong></span> <span class='ocrx_word' id='word_1_334' title='bbox 381 4096 413 4106; x_wconf 93' lang='lat'><em>-</em></span> <span class='ocrx_word' id='word_1_335' title='bbox 442 4066 470 4135; x_wconf 80' lang='lat'><strong>5)</strong></span> <span class='ocrx_word' id='word_1_336' title='bbox 491 4066 664 4121; x_wconf 91' lang='lat' dir='ltr'><strong>monendum</strong></span> <span class='ocrx_word' id='word_1_337' title='bbox 683 4073 739 4133; x_wconf 83' lang='lat' dir='ltr'><strong>est,</strong></span> <span class='ocrx_word' id='word_1_338' title='bbox 764 4067 838 4122; x_wconf 87' lang='lat' dir='ltr'><strong>hanc</strong></span> <span class='ocrx_word' id='word_1_339' title='bbox 858 4067 979 4122; x_wconf 81' lang='lat' dir='ltr'><strong>sormam</strong></span> <span class='ocrx_word' id='word_1_340' title='bbox 997 4068 1089 4120; x_wconf 90' lang='lat' dir='ltr'><strong>rarius</strong></span> <span class='ocrx_word' id='word_1_341' title='bbox 1108 4082 1269 4132; x_wconf 87' lang='lat' dir='ltr'><strong>occurrere,</strong></span> <span class='ocrx_word' id='word_1_342' title='bbox 1293 4083 1380 4136; x_wconf 88' lang='lat' dir='ltr'><strong>quarn</strong></span> 
     </span>
     <span class='ocr_line' id='line_1_41' title="bbox 255 4145 1379 4217; baseline 0.002 -19"><span class='ocrx_word' id='word_1_343' title='bbox 255 4152 379 4212; x_wconf 61' lang='lat' dir='ltr'><strong>ceteram</strong></span> <span class='ocrx_word' id='word_1_344' title='bbox 403 4146 438 4200; x_wconf 87' lang='lat' dir='ltr'><strong>cf.</strong></span> <span class='ocrx_word' id='word_1_345' title='bbox 459 4146 526 4200; x_wconf 88' lang='lat' dir='ltr'><strong>Eur.</strong></span> <span class='ocrx_word' id='word_1_346' title='bbox 547 4147 645 4217; x_wconf 84' lang='lat' dir='ltr'><strong>Suppl.</strong></span> <span class='ocrx_word' id='word_1_347' title='bbox 667 4147 726 4202; x_wconf 85' lang='grc'><strong>789.</strong></span> <span class='ocrx_word' id='word_1_348' title='bbox 754 4179 790 4186; x_wconf 99' lang='grc'>-</span> <span class='ocrx_word' id='word_1_349' title='bbox 818 4149 845 4216; x_wconf 86' lang='grc'><strong>6)</strong></span> <span class='ocrx_word' id='word_1_350' title='bbox 865 4147 997 4217; x_wconf 80' lang='lat' dir='ltr'><strong>exempla</strong></span> <span class='ocrx_word' id='word_1_351' title='bbox 1021 4147 1078 4200; x_wconf 87' lang='lat' dir='ltr'><strong>alia</strong></span> <span class='ocrx_word' id='word_1_352' title='bbox 1097 4145 1162 4200; x_wconf 89' lang='lat' dir='ltr'><strong>vide</strong></span> <span class='ocrx_word' id='word_1_353' title='bbox 1181 4147 1211 4199; x_wconf 93' lang='lat' dir='ltr'><strong>in</strong></span> <span class='ocrx_word' id='word_1_354' title='bbox 1230 4146 1324 4216; x_wconf 76' lang='lat' dir='ltr'><strong>capite</strong></span> <span class='ocrx_word' id='word_1_355' title='bbox 1343 4145 1379 4200; x_wconf 89' lang='lat' dir='ltr'><strong>V.</strong></span> 
     </span>
     <span class='ocr_line' id='line_1_42' title="bbox 255 4220 1380 4297; baseline -0.001 -18"><span class='ocrx_word' id='word_1_356' title='bbox 255 4257 290 4265; x_wconf 96' lang='lat'>—</span> <span class='ocrx_word' id='word_1_357' title='bbox 310 4226 335 4293; x_wconf 84' lang='lat'><strong>7)</strong></span> <span class='ocrx_word' id='word_1_358' title='bbox 353 4226 437 4280; x_wconf 81' lang='lat' dir='ltr'><strong>Metu.</strong></span> <span class='ocrx_word' id='word_1_359' title='bbox 456 4243 521 4297; x_wconf 89' lang='lat' dir='ltr'><strong>pag.</strong></span> <span class='ocrx_word' id='word_1_360' title='bbox 541 4228 601 4281; x_wconf 85' lang='grc'>216.</span> <span class='ocrx_word' id='word_1_361' title='bbox 625 4259 661 4267; x_wconf 83' lang='lat'>—</span> <span class='ocrx_word' id='word_1_362' title='bbox 689 4227 716 4297; x_wconf 88' lang='grc'><strong>8)</strong></span> <span class='ocrx_word' id='word_1_363' title='bbox 735 4227 852 4281; x_wconf 79' lang='lat' dir='ltr'><strong>Kunsti.</strong></span> <span class='ocrx_word' id='word_1_364' title='bbox 871 4227 895 4294; x_wconf 94' lang='lat' dir='ltr'><strong>I,</strong></span> <span class='ocrx_word' id='word_1_365' title='bbox 914 4243 978 4297; x_wconf 89' lang='lat' dir='ltr'><strong>pag.</strong></span> <span class='ocrx_word' id='word_1_366' title='bbox 999 4227 1060 4281; x_wconf 81' lang='lat'><strong>273.</strong></span> <span class='ocrx_word' id='word_1_367' title='bbox 1089 4259 1124 4266; x_wconf 90' lang='lat'><strong>-—</strong></span> <span class='ocrx_word' id='word_1_368' title='bbox 1153 4227 1179 4294; x_wconf 87' lang='grc'><strong>9)</strong></span> <span class='ocrx_word' id='word_1_369' title='bbox 1199 4220 1331 4296; x_wconf 80' lang='grc' dir='ltr'><strong><em>οὐράνιόν</em></strong></span> <span class='ocrx_word' id='word_1_370' title='bbox 1349 4242 1380 4278; x_wconf 91' lang='grc' dir='ltr'><strong>τε</strong></span> 
     </span>
     <span class='ocr_line' id='line_1_43' title="bbox 255 4298 1325 4377; baseline 0.001 -19"><span class='ocrx_word' id='word_1_371' title='bbox 255 4300 344 4359; x_wconf 87' lang='grc' dir='ltr'><strong><em>πόλον</em></strong></span> <span class='ocrx_word' id='word_1_372' title='bbox 363 4302 462 4369; x_wconf 86' lang='grc' dir='ltr'><strong><em>νώτοις</em></strong></span> <span class='ocrx_word' id='word_1_373' title='bbox 481 4301 557 4374; x_wconf 84' lang='grc' dir='ltr'><strong><em>ὀχῶν</em></strong></span> <span class='ocrx_word' id='word_1_374' title='bbox 575 4301 707 4374; x_wconf 85' lang='grc' dir='ltr'><strong><em>στενάζει.</em></strong></span> <span class='ocrx_word' id='word_1_375' title='bbox 727 4338 760 4345; x_wconf 91' lang='grc'>-</span> <span class='ocrx_word' id='word_1_376' title='bbox 782 4307 825 4375; x_wconf 87' lang='grc'><strong>10)</strong></span> <span class='ocrx_word' id='word_1_377' title='bbox 843 4301 902 4377; x_wconf 80' lang='lat' dir='ltr'><strong>erip.</strong></span> <span class='ocrx_word' id='word_1_378' title='bbox 922 4324 945 4360; x_wconf 87' lang='grc' dir='ltr'><strong>τ.</strong></span> <span class='ocrx_word' id='word_1_379' title='bbox 966 4301 1029 4360; x_wconf 85' lang='grc' dir='ltr'><strong><em>πάλ.</em></strong></span> <span class='ocrx_word' id='word_1_380' title='bbox 1048 4301 1114 4359; x_wconf 82' lang='grc' dir='ltr'><strong><em>νώτ.</em></strong></span> <span class='ocrx_word' id='word_1_381' title='bbox 1135 4298 1325 4374; x_wconf 71' lang='grc' dir='ltr'><strong><em>ὑποστενάζει.</em></strong></span> 
     </span>
    </p>
   </div>
   <div class='ocr_carea' id='block_1_10' title="bbox 0 0 1599 5060">
    <p class='ocr_par' dir='ltr' id='par_1_10' title="bbox 0 0 1599 5060">
     <span class='ocr_line' id='line_1_44' title="bbox 0 0 1599 5060; baseline 0 0"><span class='ocrx_word' id='word_1_382' title='bbox 0 0 1599 5060; x_wconf 95' lang='lat' dir='ltr'><strong> </strong></span> 
     </span>
    </p>
   </div>
  </div>
 </body>
</html>
