3176 5060
658 270 877 326 ..83-

297 440 408 494 Pariter
431 440 460 492 iu
480 439 660 511 antistropha
678 439 838 510 logaoedici
859 441 1009 511 syncopati
1027 441 1079 496 sub
1100 442 1185 496 finem
1204 442 1326 496 multum

205 529 307 584 valent
325 528 361 583 ad
380 529 561 584 severitatem
581 535 610 584 et
624 529 767 600 'pietatem
785 530 1018 600 interrogationis
1037 530 1211 601 augendam:
1231 527 1326 585 παλάν·

625 627 726 653 2--u
760 626 953 654 0¹·th-

204 689 266 726 που.
291 672 319 725 τί
340 665 364 726 δ’
383 661 450 726 ἄνευ
474 670 557 726 σίθεν
573 673 577 743 l
592 674 720 727 θνατοῖσι
743 667 849 727 τέλειόν
873 669 962 736 ἐστινς
989 673 1073 744 „quid
1097 674 1173 745 apud
1197 673 1326 729 homines

204 761 268 816 sine
287 766 317 815 te
335 760 372 815 ad
386 760 472 816 finem
491 761 633 832 quendam
646 762 769 830 venit?‘¹,
789 761 839 816 ubi
858 762 935 816 haud
954 779 1035 818 secus
1054 767 1140 834 atque
1159 763 1189 818 in
1208 764 1326 834 stropha

205 868 304 905 versus
317 851 411 906 ultimi
423 867 487 905 cum
501 851 738 906 antecedentibus
751 851 923 922 discrepant,
943 851 1046 922 quibus
1064 852 1151 906 animi
1166 852 1326 923 puellarum

202 940 422 1012 perturbatione
441 947 471 995 et
490 940 687 1011 desperatione
707 958 757 1011 per
776 941 936 996 tribrachos
955 940 1077 1014 depictis
1095 942 1256 1012 capiuntur.

392 1096 418 1163 c)
437 1093 580 1164 strophae,
600 1108 673 1164 quae
692 1093 746 1147 hoc
766 1091 933 1164 logaoedico
952 1092 1138 1147 clauduntur:

298 1249 301 1254 Ι
578 1215 595 1222 -
608 1208 627 1235 υ
638 1208 656 1236 υ
668 1214 702 1235 ι-
715 1215 732 1222 ·
745 1208 763 1236 υ
775 1215 792 1222 -
804 1209 823 1236 υ
834 1215 851 1222 -
864 1197 882 1235 ῦ

297 1275 380 1328 Pars.
400 1273 467 1329 aar:
488 1272 708 1344 (antistropham
727 1273 872 1343 exscripsi,
897 1289 961 1326 cum
980 1289 1031 1343 pro
1050 1270 1135 1326 rebus
1154 1273 1247 1327 minus
1266 1289 1325 1328 cor·

202 1368 292 1434 rupta
310 1363 356 1432 sit,
375 1379 460 1434 quarn
479 1362 615 1433 stropha).

278 1451 393 1520 στυγναί
408 1444 434 1520 γ’
452 1447 560 1518 Ἀθῆναι
579 1447 667 1515 δαΐοις
954 1477 972 1503 o
984 1482 1001 1490 -
1014 1476 1032 1504 υ
1043 1482 1060 1490 -
1073 1467 1092 1502 ῡ
1103 1483 1119 1490 -
1133 1475 1151 1503 υ
1163 1483 1179 1490 -
1310 1453 1322 1505 1

277 1540 437 1608 μεμνῆσθαί
453 1559 497 1595 τοι
514 1536 590 1612 πάρα

278 1623 318 1694 ιδς
335 1623 439 1695 πολλὰς
457 1630 603 1702 Περσίδων
619 1627 711 1699 μάταν
952 1647 970 1684 ῡ
982 1663 1017 1683 ι.
1030 1664 1065 1684 ι..
1078 1661 1095 1670 -
1107 1655 1126 1682 ο
1137 1662 1154 1670 -
1167 1655 1185 1683 o
1197 1663 1214 1670 -

277 1709 387 1784 εὔνιδας
406 1711 534 1774 ἔκτισσαν
553 1712 594 1786 ἠδ
612 1713 774 1791 ἀνάνδρους.
952 1739 969 1772 ι
982 1747 1000 1772 ο
1012 1746 1030 1772 ο
1042 1751 1076 1772 μ
1090 1751 1107 1759 -
1119 1745 1138 1771 υ
1150 1751 1166 1759 -
1179 1745 1197 1772 υ
1209 1751 1244 1771 α.
1257 1751 1274 1758 -
1307 1717 1325 1772 4

203 1810 240 1865 dc
261 1809 362 1865 ultimo
374 1826 458 1865 versu
475 1810 533 1864 iam
551 1826 615 1881 pag.
631 1810 672 1863 70.
692 1809 822 1879 diximus,
842 1811 891 1864 ubi
910 1809 1093 1879 logaoedicus
1111 1809 1254 1863 iudicatus
1273 1816 1325 1877 est,

207 1899 255 1970 qui
272 1899 420 1970 stropham
439 1904 472 1952 ut
490 1898 561 1952 alias
580 1897 697 1954 claudit.

293 1990 380 2045 Pers.
399 1989 467 2044 9772

276 2078 333 2135 Ξε.·
350 2080 449 2149 βεβᾶσι
467 2066 526 2149 πόρ’
545 2073 626 2151 οίπερ
644 2073 760 2150 ἀγρόται
779 2082 900 2149 στρατοῦ
954 2103 972 2130 o
983 2110 1000 2117 -
1014 2103 1032 2130 ο
1044 2110 1079 2129 r..
1092 2109 1109 2117 -
1122 2103 1140 2130 ο
1152 2109 1168 2118 -
1182 2104 1200 2130 o
1212 2110 1229 2118 -
1242 2104 1260 2130 ο
1271 2111 1288 2118 -
1310 2079 1322 2132 1

276 2168 308 2220 X
312 2167 349 2223 0:
366 2170 488 2238 βεβᾶσιν,
508 2162 544 2231 οί,
563 2164 688 2235 νώνυμοι
954 2193 1000 2219 υ-
1013 2193 1031 2220 o
1043 2198 1077 2219 ι-
1091 2199 1107 2207 -
1120 2193 1167 2220 υ-

277 2250 539 2326 Ξδ.’ίὴίὴ,ίώίοί
954 2282 1181 2310 w-ur-w-o-

276 2347 349 2404 XO:
367 2341 400 2401 ίώ
420 2342 462 2414 ἰαί,
482 2346 620 2413 δαίμονες,
954 2373 972 2399 υ
984 2379 1000 2386 -
1013 2372 1031 2400 υ
1043 2379 1078 2397 μ.
1091 2378 1107 2386 -
1122 2365 1167 2399 ου

276 2430 371 2492 ἔθεσθ’
391 2430 513 2493 ἄελπτον
530 2434 621 2493 κακόν
953 2463 971 2489 o
983 2467 1000 2475 -
1013 2462 1030 2488 ο
1042 2468 1076 2487 2.
1090 2467 1107 2474 -
1120 2461 1138 2488 ο
1149 2453 1167 2487 n
1306 2438 1322 2490 5

276 2525 439 2601 διαπρέπον,
458 2520 519 2583 οἷον
537 2523 668 2599 δέδορκεν
687 2520 740 2580 dira
953 2545 970 2578 ι
982 2551 1001 2577 o
1012 2551 1030 2578 υ
1042 2558 1076 2577 2.
1089 2556 1106 2564 -
1120 2552 1138 2578 ο
1149 2558 1166 2565 -
1179 2551 1197 2578 o
1209 2559 1243 2578 ι-
1257 2558 1273 2566 -

294 2598 377 2688 sapt.
395 2619 463 2673 aare
534 2677 536 2682 ,

204 2699 265 2761 τάδ’
284 2700 431 2776 αὐτόδηλα,
450 2711 594 2778 προῦπτος
612 2701 732 2776 ἀγγέλου
750 2701 840 2775 λόγος·
899 2731 917 2757 υ
929 2737 946 2745 -
959 2731 977 2758 o
988 2738 1005 2745 -
1019 2731 1037 2758 υ
1048 2737 1065 2746 -
1078 2732 1123 2759 υ-
1136 2732 1154 2759 υ
1166 2738 1183 2747 -
1196 2732 1214 2759 ο
1225 2723 1243 2758 υ
1309 2707 1321 2760 l

204 2799 302 2850 διπλαῖ
315 2795 455 2869 μέριμναι,
473 2791 563 2864 δίδυμ’
582 2792 722 2868 οίγανόρεα
739 2791 813 2850 κακοί
900 2821 919 2848 υ
930 2827 947 2835 -
960 2821 978 2848 o
990 2827 1007 2836 -
1020 2827 1036 2835 -
1050 2807 1098 2849 ου
1110 2822 1128 2848 υ
1139 2829 1156 2836 -
1169 2821 1187 2848 υ
1199 2808 1217 2848 ο
1230 2823 1247 2849 ο
1259 2823 1276 2848 c
1289 2815 1307 2848 u

203 2879 357 2953 αὐτοφόνα,
377 2886 485 2957 δίμορα,
503 2885 583 2941 τέλεα
595 2883 662 2941 τόδε
674 2884 760 2955 πάθη·
779 2887 807 2940 τί
819 2889 880 2954 φῶς
902 2918 918 2926 -
931 2897 1242 2939 συοουυσουσοο
1252 2917 1267 2925 -
1278 2911 1321 2938 ο-

203 2977 232 3030 τί
249 2970 274 3029 δ’
294 2968 360 3029 ἄλλο
379 2969 405 3044 γ’
424 2966 441 3042 ἢ
458 2972 542 3031 πόνοι
560 2971 658 3044 δόμων
675 2972 815 3044 ἐφέστιοι,·
899 3002 945 3028 ο-
958 3003 1005 3028 ο-
1020 3001 1065 3027 ο-
1078 3001 1183 3028 υ-υ-
1196 3002 1243 3028 υ-

203 3057 273 3119 aaut
291 3059 375 3134 γόων,
394 3053 417 3117 ὦ
436 3065 521 3134 φίλαι,
540 3059 601 3119 κατ’
621 3055 707 3136 οὖρον
898 3085 914 3118 ,¹
927 3093 945 3118 ο
957 3091 975 3118 ο
987 3098 1022 3117 α.
1034 3097 1052 3105 -
1064 3091 1083 3117 ο
1095 3096 1112 3105 -
1124 3091 1142 3117 υ
1155 3097 1189 3116 m
1201 3082 1219 3116 n
1305 3067 1320 3119 5

293 3155 400 3210 Versus
430 3154 613 3225 logaoedicus
643 3160 779 3225 quattuor
809 3156 954 3210 trimetros
984 3152 1122 3208 iambicos
1152 3153 1262 3208 claudit
1293 3161 1322 3208 et

203 3244 338 3314 ostendit,
356 3244 473 3300 chorum
493 3260 523 3299 se
541 3244 633 3314 ipsum
653 3243 813 3312 admonere,
837 3249 869 3298 ut
888 3249 976 3314 caput
995 3243 1114 3313 plangat
1133 3243 1321 3313 lacrimasque

203 3333 315 3404 fundat,
333 3351 399 3388 nam
412 3335 479 3389 novi
491 3333 601 3403 aliquid
613 3350 689 3388 nunc
702 3333 854 3402 introduci,
872 3333 928 3387 iam
942 3334 1063 3387 variatio
1082 3333 1210 3402 rhythmi
1229 3332 1322 3403 docet,

204 3425 254 3495 qui
273 3441 309 3478 ex
326 3424 449 3478 iambico
467 3425 498 3477 in
515 3423 714 3494 logaoedicum
733 3423 845 3492 transit,
864 3439 920 3494 quo
940 3422 1072 3492 dactylus
1090 3423 1140 3478 ille
1160 3416 1228 3477 ἀλλὰ
1247 3420 1322 3493 γόων

203 3532 221 3568 ι
233 3538 253 3566 υ
264 3539 282 3567 υ
293 3546 328 3566 ι-
340 3519 394 3569 etc.
408 3513 541 3567 maiorem
555 3514 682 3583 vigorem
694 3513 803 3567 excitat
816 3513 913 3584 itaque
927 3512 1126 3568 invitationem
1139 3513 1218 3567 chori
1232 3519 1320 3568 notat.

311 3665 339 3735 d)
357 3665 475 3736 stropha
493 3664 678 3735 pherecrateo
697 3664 841 3720 clauditur
861 3664 902 3734 (id
921 3671 964 3720 est
982 3682 1093 3736 semper
1112 3664 1212 3735 primo,

553 3759 586 3808 ut
604 3754 737 3825 exempla
755 3753 971 3822 demonstrant).

293 3847 378 3902 Pers.
397 3846 482 3900 Ῑθθθε

205 3935 261 3992 Ξε.·
279 3935 374 3999 δίαινε,
393 3933 480 3988 δίαινε
498 3935 583 4001 πῆμα·
604 3925 676 4003 πρός
694 3929 799 3999 δόμους
818 3927 841 3986 δ’
862 3927 902 3986 la
939 3958 957 3984 υ
969 3963 986 3971 -
998 3957 1017 3985 ο
1029 3963 1045 3972 -
1058 3957 1077 3984 υ
1088 3964 1106 3972 -
1119 3957 1137 3986 υ
1149 3964 1165 3972 -
1179 3958 1197 3985 υ
1208 3963 1225 3972 -
1238 3959 1256 3986 ο
1268 3949 1286 3984 υ
1308 3933 1319 3986 l

204 4026 273 4084 XO:
291 4025 430 4091 διαίνομαι
448 4015 563 4092 γοεδνὸς
581 4011 622 4075 σίν
939 4047 957 4074 ο
969 4053 986 4061 -
999 4047 1017 4074 υ
1029 4053 1046 4062 -
1057 4046 1076 4073 υ
1088 4067 1105 4075 -
1118 4046 1136 4073 υ
1148 4067 1165 4076 -

205 4110 334 4184 Ξέἶβόα
351 4130 401 4167 νυν
419 4104 572 4167 ἀντίδουπά
589 4130 637 4180 μοι
940 4135 1161 4165 υ-υ-υ-υ-

203 4202 273 4259 XO:
291 4199 369 4256 δόσιν
386 4195 476 4255 κακόν
493 4204 589 4256 κακῶν
606 4207 704 4265 κακοῖς
937 4225 956 4252 υ
967 4243 985 4252 -
996 4225 1015 4251 υ
1026 4243 1044 4254 .
1055 4225 1075 4252 υ
1085 4243 1103 4252 -
1115 4225 1134 4252 υ
1145 4245 1163 4254 -

205 4292 260 4348 Ed:
278 4287 336 4359 ίυζέ
353 4288 437 4359 μέλος
455 4283 528 4358 ὁμοῦ
548 4291 635 4355 τιθείς
936 4315 955 4342 υ
966 4332 983 4341 -
995 4315 1014 4342 υ
1025 4301 1044 4342 d
1054 4315 1073 4342 υ
1085 4315 1102 4341 υ
1115 4332 1133 4342 ..
1145 4314 1163 4341 υ
1175 4333 1193 4340 -
1305 4293 1320 4344 5

1126 4377 1162 4431 6*
