3176 5060
707 215 837 307 273
885 281 928 290 ..

179 443 190 466 ι
256 419 304 492 βίᾳ
322 423 434 490 φρενῶν
448 416 553 474 αἰνέσαι
572 413 674 490 πικρὸν
686 415 788 488 στύγος
805 416 952 490 κρατούσῃ.
975 445 1019 472 o-
1029 446 1090 472 σι-
1101 446 1171 475 .o-
1181 447 1348 474 ma*
1362 467 1377 475 -

257 503 368 578 δακρύω
387 501 411 561 δ’
432 501 479 576 ὑφ’
498 505 620 575 εἳμοίτων
871 575 875 587 Ι
977 535 995 561 υ
1007 544 1041 560 ι-
1054 555 1071 562 -
1084 534 1102 560 υ
1114 555 1131 562 -
1143 536 1161 561 υ
1173 555 1191 564 -

256 597 397 664 porciolas
417 593 556 652 δεσπόταν
574 593 670 666 τύχαις
976 623 994 650 υ
1006 631 1040 650 r.
1054 642 1071 650 -
1083 625 1101 650 o
1113 643 1131 651 -
1144 623 1161 650 o
1173 645 1190 652 -
1202 625 1221 652 o
1233 642 1250 651 -

256 687 403 756 κρυφαίοις
420 684 552 740 πένθεσιν
570 683 757 754 παχνουμένη.
975 712 994 738 υ
1006 719 1041 738 r..
1054 719 1088 738 μ
1100 730 1118 738 -
1130 713 1149 740 o
1161 733 1178 741 -
1191 713 1209 739 o
1221 733 1238 740 -
1250 713 1270 739 υ
1281 733 1298 741 -
1362 690 1380 740 9

346 793 377 849 Si
400 794 484 848 modo
508 799 586 848 recta
610 799 653 847 est
681 792 835 864 descriptio
859 799 968 860 nostra,
997 811 1082 864 quam
1106 795 1226 865 singulis
1250 794 1379 850 versibus

257 883 423 950 tractandis,
442 882 536 953 quoad
555 883 616 936 eius
634 882 696 938 fieri
715 883 818 952 potuit,
838 881 1024 948 defendimus,
1047 883 1094 937 hic
1113 900 1227 954 quoque
1247 900 1380 938 versuum

257 973 362 1026 formas
385 989 450 1026 cum
474 971 526 1038 eis,
555 988 628 1042 quae
651 971 848 1041 proferuntur,
877 987 1033 1042 congruere
1057 979 1188 1043 apertum
1212 978 1263 1028 est.
1305 971 1380 1026 Nam

257 1056 379 1130 primum
398 1058 509 1113 duobus
527 1059 671 1124 trimetris,
692 1057 795 1129 quibus
813 1053 889 1126 τονὴ,
908 1065 941 1113 ut
959 1059 1034 1114 infra
1054 1059 1272 1128 monstrabitur,
1296 1077 1379 1114 suum

258 1149 324 1203 ferit
336 1147 463 1216 verbum,
483 1147 631 1202 exordium
644 1147 729 1201 datur
747 1148 773 1201 ei
793 1148 961 1214 sententiae,
980 1165 1053 1218 quae
1068 1149 1203 1218 primaria
1222 1166 1255 1203 ac
1269 1167 1381 1204 summa

257 1237 368 1308 epodici
388 1243 443 1291 est:
462 1237 573 1308 puellas
592 1237 720 1308 captivas
739 1253 807 1290 esse.

346 1353 419 1406 Turn
438 1352 559 1408 dimetro
573 1354 617 1422 (V.
637 1354 672 1422 3),
691 1353 828 1422 imprimis
847 1351 935 1407 verbo
954 1325 1094 1424 πατρηιέιΐν
1117 1352 1198 1407 dolor
1221 1353 1380 1407 inflamma·

257 1448 313 1510 tur,
332 1443 380 1511 qui
399 1439 596 1495 vehementius
615 1442 739 1511 erumpit
757 1447 938 1508 tetrametro,
962 1458 1018 1511 quo
1038 1442 1151 1511 puellae
1172 1441 1279 1510 dolent,
1302 1442 1381 1512 quod

257 1530 354 1584 invitis
374 1531 475 1584 animis
493 1531 586 1583 δίκαια
604 1531 651 1582 καὶ
669 1524 707 1598 μὴ
726 1531 819 1584 δίκαια
838 1530 953 1600 explere
972 1530 1139 1595 iubeantur,
1163 1537 1263 1602 postea
1282 1537 1380 1585 autem

257 1619 387 1673 tristibus
410 1619 523 1685 animis,
548 1617 598 1672 sed
621 1619 714 1672 minus
738 1619 858 1674 irritatis
879 1635 909 1673 se
928 1618 1002 1673 clam
1026 1619 1078 1673 sub
1098 1619 1225 1674 vestibus
1248 1620 1380 1674 lacrimas

257 1707 403 1763 effundere
417 1708 599 1774 confitentur,
617 1706 708 1762 donec
721 1707 773 1761 sub
787 1707 872 1762 finem
886 1725 936 1778 per
954 1708 1158 1778 pentapodiam
1171 1716 1201 1763 et
1218 1709 1380 1762 trimetrum

258 1799 377 1852 affectus
400 1797 503 1852 iterum
527 1813 689 1850 accrescens
712 1796 863 1850 indicatur.
901 1797 948 1852 Sic
972 1797 1152 1867 longitudine
1173 1798 1217 1851 vel
1237 1798 1379 1852 brevitate

257 1887 383 1941 colorum
403 1893 496 1941 motus
515 1888 673 1940 animorum
693 1903 840 1956 expressos
860 1903 919 1941 esse
939 1885 1116 1941 crediderim,

348 1995 480 2064 Choeph.
500 1995 567 2050 411:
823 2065 826 2071 Ι

328 2077 421 2152 έκοψα
438 2077 549 2150 κομμὸν
564 2073 653 2154 Ἄριον
671 2075 701 2135 έν
720 2100 749 2136 τε
768 2083 881 2146 Κισσίας
1002 2095 1180 2136 o-o-oco
1191 2108 1314 2136 o-o-o
1325 2127 1343 2135 -
1364 2085 1377 2136 1

330 2169 426 2239 νόμοις
445 2170 628 2241 ἰηλεμιστρίας
1002 2197 1020 2222 o
1033 2216 1050 2224 -
1062 2196 1081 2223 ο
1092 2217 1110 2225 -
1122 2197 1140 2223 o
1153 2215 1169 2222 -
1182 2199 1200 2223 o
1212 2215 1229 2222 -
1250 2223 1256 2232 ,

329 2253 556 2331 ἀπριγδόπληκτα
575 2254 771 2327 πολυπλάνητα
791 2253 815 2312 δ’
830 2247 862 2326 ἦν
881 2257 950 2314 ἰδεῖν
1003 2286 1021 2311 o
1034 2303 1049 2310 -
1062 2285 1079 2312 o
1091 2306 1108 2313 -
1121 2286 1139 2311 o
1152 2272 1169 2311 ο
1180 2285 1199 2311 o
1210 2285 1229 2312 o
1238 2304 1255 2312 -
1267 2287 1285 2312 υ
1297 2304 1315 2312 -
1327 2286 1345 2311 υ
1362 2305 1380 2313 -

328 2345 582 2420 ἐπασσυτεροτριβῆ
600 2342 634 2402 τὰ
651 2342 734 2418 χερὸς
752 2341 894 2418 ὀρέγματα
1001 2374 1019 2399 o
1031 2392 1048 2400 ,
1061 2375 1078 2400 o
1091 2360 1108 2399 o
1120 2374 1138 2400 o
1148 2375 1165 2400 o
1174 2394 1191 2401 -
1201 2375 1219 2400 o
1228 2361 1246 2400 ο
1254 2375 1272 2400 o
1281 2375 1298 2400 o
1308 2393 1325 2400 -
1334 2374 1352 2399 o
1362 2366 1381 2400 e

329 2437 466 2504 κάτωθεν,
485 2434 631 2502 ἀνέκαθεν,
650 2434 749 2510 κτύπῳ
769 2433 793 2490 δ’
812 2433 960 2509 ἐπιρροθεῖ
1004 2450 1342 2490 o-ocoo-o-o.o-
1363 2441 1380 2492 5

328 2519 464 2597 κροτητὸν
482 2520 555 2594 ἁμὸν
573 2528 620 2580 καὶ
637 2521 794 2580 πανάθλιον
813 2522 885 2595 κάρα
1001 2551 1019 2576 o
1032 2570 1048 2578 -
1061 2552 1079 2576 υ
1092 2569 1108 2577 -
1121 2541 1138 2576 ῡ
1151 2569 1168 2576 -
1180 2552 1198 2576 o
1210 2569 1227 2577 -
1240 2551 1258 2577 o
1269 2570 1287 2578 -
1300 2552 1317 2576 ο
1329 2567 1346 2576 .

329 2612 505 2680 ἶώῖώ,δαίᾱ
1002 2639 1217 2666 υ-υι..-υ-

328 2701 470 2770 πάντολμε
487 2709 582 2773 μῆτερ,
602 2699 691 2766 δαΐαις
709 2698 740 2755 έν
758 2699 891 2772 ἐκφοραῖς
1003 2719 1020 2753 u
1032 2747 1050 2754 -
1062 2727 1079 2754 o
1092 2747 1110 2754 -
1123 2719 1140 2754 o
1152 2747 1169 2754 -
1182 2729 1200 2754 o
1212 2747 1229 2754 -
1242 2729 1259 2755 υ
1271 2747 1289 2754 -
1301 2731 1318 2754 o
1330 2747 1349 2755 „
1383 2757 1386 2762 ,

328 2785 395 2845 ἄνευ
413 2794 529 2846 πολιτᾶν
548 2782 642 2844 ἄνακτ’
1003 2817 1020 2842 υ
1033 2835 1050 2842 -
1063 2817 1081 2842 o
1094 2825 1127 2842 ι-
1142 2837 1160 2842 -
1172 2818 1190 2843 o
1201 2837 1219 2844 -
1370 2863 1374 2868 Ι

328 2874 394 2935 ἄνευ
413 2879 444 2934 δέ
461 2876 649 2947 πενθημάτων
1003 2907 1021 2931 o
1033 2923 1050 2930 -
1062 2905 1080 2931 υ
1093 2913 1127 2931 ι.
1141 2925 1157 2931 -
1170 2907 1187 2932 o
1201 2925 1218 2932 -
1345 2881 1380 2933 10

329 2963 407 3038 ἔτλης
425 2965 601 3036 ἀνοίμωκτον
619 2959 706 3039 ἄνδρα
725 2966 825 3038 θάψαι,
1005 2995 1022 3020 o
1034 3014 1052 3020 -
1064 2995 1082 3019 υ
1093 3005 1127 3020 ι.
1140 3014 1156 3021 -
1170 2995 1187 3020 o
1199 3014 1217 3020 -
1229 2996 1247 3020 υ
1259 3002 1293 3022 ι-
1306 3015 1324 3020 -

345 3095 389 3150 Ne
409 3095 536 3150 dicamus
555 3096 589 3149 de
610 3096 636 3149 vi
661 3095 884 3163 tribrachorum,
908 3112 981 3164 quae
1005 3095 1103 3165 primis
1122 3096 1250 3150 versibus
1275 3096 1379 3163 elucet,

256 3186 291 3240 de
311 3186 365 3239 hac
384 3203 414 3239 re
434 3185 606 3238 monendum
621 3191 700 3255 puto,
720 3185 872 3239 dimetrum
886 3185 932 3252 (V.
947 3186 981 3253 7),
1002 3201 1058 3254 quo
1072 3201 1156 3238 versu
1175 3201 1232 3238 non
1251 3185 1381 3238 trimeter

257 3275 389 3345 expletus
402 3281 453 3343 est,
473 3273 676 3329 exclamationi
696 3275 873 3345 aptissimum
888 3291 957 3339 esse,
977 3290 1042 3327 cum
1055 3291 1106 3344 per
1126 3291 1191 3327 eum
1204 3273 1380 3338 ostendatur,

256 3365 393 3418 eximium
422 3364 566 3434 quoddam
595 3365 729 3434 exprimi,
757 3365 892 3434 quoniam
916 3380 973 3416 non
996 3364 1119 3417 trimetri
1142 3379 1219 3417 more
1243 3363 1327 3416 solito
1350 3380 1380 3416 se

256 3455 417 3524 excipiunt,
441 3453 490 3508 sed
515 3453 610 3507 subito
634 3454 792 3508 membrum
816 3453 925 3523 aliquid
949 3453 1127 3517 immittitur,
1152 3469 1208 3522 quo
1227 3468 1285 3505 non
1304 3451 1379 3506 idem

255 3550 368 3613 tempus
387 3543 527 3612 expletur,
548 3560 580 3596 ac
594 3543 721 3596 versibus
741 3542 882 3612 prioribus
896 3543 1004 3596 factum
1023 3547 1074 3595 est.
1112 3541 1267 3596 Praeterea
1285 3541 1379 3594 facere

256 3650 313 3687 non
332 3649 459 3702 possum,
483 3638 515 3685 ut
535 3631 670 3686 dimetros
694 3632 758 3685 illos
782 3632 887 3685 similes
910 3632 1024 3685 silentio
1043 3638 1234 3702 praeteream,
1259 3647 1379 3700 quorum
1417 3670 1419 3674 -

255 3730 376 3791 uterque
400 3720 521 3774 similem
544 3721 716 3774 sententiam
740 3719 881 3773 continet:
907 3721 942 3774 V.
963 3721 979 3774 9
999 3725 1028 3774 et
1049 3720 1090 3787 10,
1116 3717 1219 3788 quibus
1241 3716 1378 3788 horribile

255 3810 328 3864 illud
347 3810 458 3862 facinus
477 3809 722 3879 Clytaemnestrae
743 3809 873 3863 effertur:
900 3809 975 3879 quod
1003 3809 1110 3873 ,virum
1129 3809 1189 3862 sine
1209 3808 1313 3861 civium
1332 3824 1380 3861 ex-

255 3899 368 3969 sequiis,
387 3898 473 3951 immo
486 3898 547 3952 sine
567 3898 689 3967 querelis
708 3898 897 3967 sepeliverit.“
935 3898 1061 3952 Ultimus
1074 3913 1171 3951 versus
1191 3897 1271 3966 quasi
1285 3897 1380 3949 omniu

255 3987 468 4057 complectitur:
495 4003 580 4056 „ausa
603 4005 645 4055 es,
669 3987 761 4041 virum
780 3987 853 4041 sine
873 3986 947 4041 ulla
965 3985 1215 4056 deploratione
1235 3985 1377 4038 humare.“

255 4076 364 4131 Eodem
384 4076 467 4130 modo
487 4077 516 4129 in
536 4077 716 4145 antistropha
735 4076 840 4130 similes
859 4076 924 4130 illos
943 4076 1079 4130 dimetros
1098 4075 1231 4144 legimus:
1250 4074 1364 4144 440141:

788 4159 826 4218 τὰ
844 4156 977 4234 μὲνγὰρ
996 4155 1087 4227 ούτως
1105 4156 1170 4231 έχει,

789 4247 827 4306 τδι
846 4247 871 4306 δ’
890 4247 975 4315 αὐτὸς
993 4247 1063 4324 ὀργᾷ
1082 4254 1191 4318 μαθεῖν.
