3176 5060
656 293 879 350 -99-

204 459 352 530 stropham
366 460 524 532 descripsit.
549 460 610 518 Sub
619 461 706 517 finem
716 479 813 517 versus
826 462 905 517 tertii
917 462 1046 532 syllabae
1059 462 1229 534 productae:
1242 460 1329 518 πλού-

204 567 256 603 του
271 564 304 600 ι.
316 593 343 619 -,
361 567 494 605 numeros
512 549 717 605 descendentes
735 550 869 622 glyconei
887 549 1025 618 indicant,
1044 568 1128 607 versu
1146 552 1247 622 quinto
1262 551 1328 607 finis

204 638 264 692 iam
282 638 381 692 similis
399 638 434 692 fit
450 638 562 708 ionicis,
580 639 629 710 qni
648 645 710 693 tum
728 639 834 710 primas
853 644 949 710 partes
967 639 1129 711 excipiunt:

661 765 750 835 dorso
784 770 856 836 α”νθο

205 868 318 939 (ultima
341 869 454 940 syllaba
471 869 612 941 producta
635 799 815 941 estoproplter
834 800 1038 926 cdnsonantem
1056 873 1243 942 sequentem.)
1279 872 1329 926 Fi·

204 973 270 1012 nem
290 959 424 1029 strophae
444 958 554 1012 faciunt
577 959 747 1029 glyconeus,
771 959 852 1013 euius
875 959 983 1030 primus
1005 977 1056 1031 pes
1079 964 1252 1031 syncopatae
1275 966 1327 1029 est,

204 1053 235 1102 et
253 1047 463 1117 pherecrateus.

659 1406 781 1509 caput
808 1407 867 1488 IV.

276 1549 337 1647 Ilo
368 1550 551 1664 rationo,
584 1576 672 1668 qua
704 1549 838 1669 pedes
872 1549 950 1647 alii
981 1577 1061 1669 pro
1095 1549 1254 1649 iambis

468 1691 658 1807 admissi¹
686 1719 782 1790 esse
813 1691 1060 1789 videanhn.

293 1850 408 1921 Optime
421 1868 473 1906 nos
491 1868 551 1905 rem
564 1856 678 1904 acturos
697 1856 776 1921 puto,
795 1851 819 1905 si
837 1850 933 1921 pedes,
953 1851 1003 1921 qui
1021 1867 1154 1921 magnam
1172 1852 1203 1905 in
1215 1857 1327 1922 partem

203 1956 262 1995 non
286 1940 346 1996 sine
365 1956 452 1995 causa
474 1939 598 1994 adhibiti
621 1945 702 2008 sunt,
727 1939 757 1994 in
780 1939 939 2010 categorias
963 1938 1101 2009 quasdam
1123 1940 1278 1996 referemus
1297 1947 1328 1996 ct

202 2029 359 2084 seeundum
378 2029 430 2084 has
448 2028 574 2084 indolem
593 2045 627 2083 ae
646 2034 777 2083 naturam
797 2027 1016 2097 tribrachornm,
1035 2027 1224 2098 dactylorum,
1243 2046 1327 2102 spon·

202 2118 321 2174 deorum
344 2117 568 2173 observabimus.
605 2117 739 2173 Ceterum
758 2117 917 2172 cavendum
941 2122 997 2186 est,
1020 2133 1057 2171 ne
1081 2117 1111 2172 in
1133 2118 1220 2188 pedes
1244 2136 1327 2190 quos·

202 2207 270 2262 dam
288 2224 340 2279 pro
359 2206 460 2261 iambis
476 2206 612 2261 adrnieeos
631 2207 750 2261 nimium
769 2206 903 2276 ponderis
922 2221 954 2259 ac
973 2206 1124 2276 gravitatis
1143 2206 1179 2260 ad
1198 2213 1327 2262 nostrum

202 2294 354 2349 arbitrium
376 2295 545 2363 inferemua,
570 2295 702 2366 exempla
725 2295 821 2365 potius
840 2310 874 2349 ea
893 2294 1038 2348 afferenda
1057 2300 1136 2360 sunt,
1161 2294 1265 2365 quibus
1283 2298 1327 2350 vis

201 2392 233 2439 et
251 2385 398 2455 ingenium
417 2384 636 2450 tribrachorum,
655 2383 859 2455 spondeornm,
879 2382 1059 2452 dactylorum
1078 2382 1114 2436 ab
1134 2383 1265 2438 omnibus
1284 2383 1327 2437 in·

201 2473 366 2544 tellegatur.

640 2601 679 2653 A.
705 2598 891 2657 Tribrachi.

291 2698 333 2751 Hi
351 2697 474 2751 maxime
493 2695 591 2751 valent
610 2695 646 2751 ad
666 2695 807 2761 dolorem,
832 2696 881 2766 qui
899 2695 995 2752 subito
1014 2695 1147 2766 erumpit,
1167 2695 1328 2766 exprimen-

201 2787 284 2855 dum,
307 2786 482 2841 adhibentur
505 2792 602 2840 autem
626 2786 667 2840 eis
692 2801 805 2855 qnoque
824 2784 932 2852 verbis,
957 2801 1029 2857 quae
1048 2784 1177 2840 dolorem
1201 2785 1241 2854 (in
1264 2787 1327 2840 uni·

202 2876 329 2945 versum)
350 2881 400 2930 aut
419 2875 504 2943 iram,
527 2880 578 2929 aut
601 2875 747 2942 timorem,
770 2879 821 2927 aut
840 2873 950 2942 odium,
975 2880 1025 2927 aut
1049 2875 1165 2929 omnino
1189 2874 1328 2944 gravioris

201 2963 313 3034 aliquid
331 2964 494 3033 continent,
517 2969 578 3018 tum
597 2963 736 3031 versibus
759 2961 863 3033 quibus
882 2968 976 3017 motus
995 2962 1099 3033 aliquis
1118 2963 1250 3017 celeriter
1269 2962 1329 3017 fac·

201 3061 250 3107 tus
273 3053 452 3124 depingitur,
477 3059 627 3123 praeterea
648 3050 908 3123 praepositionibus
927 3057 956 3105 et
975 3051 1069 3105 verbis
1093 3051 1256 3120 compositis
1280 3050 1327 3104 hic

202 3159 270 3196 usus
289 3159 347 3197 non
366 3141 538 3212 neglegitur,
561 3147 705 3212 postremo
724 3141 754 3194 in
773 3139 919 3210 precibus,
943 3155 1016 3210 quae
1035 3156 1071 3192 ex
1090 3139 1191 3192 intimo
1210 3143 1327 3209 pectore

203 3231 402 3286 effunduntur:

468 3391 544 3447 Vox
563 3389 726 3461 lugubris
745 3390 822 3460 ipsa
842 3389 1058 3460 exprimitur.

293 3500 378 3556 Pera.
398 3500 483 3555 10143
505 3494 691 3552 ὀτοτοτοτοῖ.

293 3589 399 3660 Suppl.
419 3589 489 3645 8563
508 3582 590 3642 dccco
608 3593 695 3642 τοτοῖ.

295 3678 426 3748 Choeph.
446 3679 513 3734 1522
533 3671 616 3732 ὀτοτο
635 3693 734 3731 τοτοτο
753 3682 838 3730 τοτοῖ.

203 3837 333 3903 Verba,
358 3855 445 3909 quae
464 3837 618 3892 dolorem
637 3837 692 3892 vel
711 3838 797 3890 iram
816 3836 869 3891 vel
894 3836 1053 3890 timorem
1072 3841 1134 3890 etc.
1154 3834 1327 3888 excitant.

293 3933 395 4008 ἄνιος.

293 4034 378 4089 Pers,
398 4034 482 4089 10263
502 4022 555 4085 ἄνι’
574 4020 645 4084 ἄνια.

293 4123 378 4178 Pera.
398 4123 465 4177 2562
485 4114 538 4174 avc'
557 4111 621 4174 ἄνια
639 4114 713 4174 κακὰ
731 4116 859 4176 νεόκοτα.

293 4207 405 4274 κακός

294 4301 379 4355 Pers.
399 4299 467 4354 att:
486 4288 539 4351 ἄνι’
559 4291 622 4351 ἄνια
640 4293 713 4352 κακὰ
732 4293 859 4352 νεόκοτα.
