3176 5060
645 333 845 391 .-6-

276 501 372 568 Quare
395 501 459 557 bac
482 503 516 557 in
540 519 575 557 re
601 502 760 558 cavendum
783 509 840 572 est,
863 520 900 558 ne
924 503 1041 558 auribus
1064 504 1169 560 nostris
1191 505 1309 559 nimiam

187 589 273 645 fidem
303 590 468 646 habeamus.
518 590 605 661 Apud
635 596 746 646 veteres
777 591 853 646 enim
886 591 1064 647 trochaicum
1095 597 1125 647 et
1155 592 1310 647 iambicum

186 679 353 750 rhythmum
372 697 430 734 nou
449 679 486 734 ad
505 679 655 734 libidinem
673 679 831 751 permixtos
849 697 923 748 esse,
946 681 1003 736 loci
1027 681 1143 752 quidam
1166 681 1244 753 apud
1263 699 1309 736 ve-

187 775 261 824 teres
284 769 437 840 scriptores
460 768 603 838 indicant,
627 785 698 840 quos
716 769 888 840 Pickeliusq
907 771 1152 840 commemoravit,
1176 776 1209 825 ut
1233 769 1310 841 apud

187 856 343 911 Aristidem
361 858 443 928 (pags
450 859 494 926 56,
508 858 523 911 7
536 856 678 928 Westph.)
697 862 851 928 utrumque
870 875 962 929 genus
980 859 1152 929 seiungitur:
1171 853 1202 912 ἐν
1220 855 1252 912 δὲ
1270 861 1310 930 τῷ

188 942 307 1017 ἰαμβικῷ
331 943 404 1014 γένει
431 936 518 1000 ἁπλοῖ
536 943 590 1012 μέν
612 945 760 1000 πίπτουσιν
786 939 846 1001 οίδε
867 943 980 1017 ῥυθμοί·
1005 939 1105 1017 ἴαμβος
1131 941 1163 1014 ἐξ
1185 938 1311 1014 ἡμισείας

188 1026 295 1106 ἄρσεως
318 1036 365 1088 καὶ
388 1033 534 1089 διπλασίου
556 1032 676 1099 θέσεως,
704 1041 834 1107 τροχαῖος
856 1033 888 1089 δέ
910 1031 943 1088 ἐκ
965 1036 1112 1090 διπλασίου
1134 1033 1243 1100 θέσεως
1264 1037 1311 1088 καὶ

186 1123 317 1194 βραχείας
334 1112 458 1194 doceo&
474 1123 545 1177 item
564 1122 641 1193 apud
660 1123 822 1178 Baccheum
842 1120 939 1193 (εἰσαχ.
958 1141 1030 1193 τεχν.
1048 1139 1129 1191 μουσ.
1149 1141 1215 1196 pag.
1231 1125 1310 1190 6739

188 1212 330 1283 Westph.)
353 1205 504 1282 ἴαμβος..
525 1253 557 1268 ..
583 1209 723 1281 σύγκειται
746 1210 778 1267 δὲ
801 1210 833 1266 ἐκ
854 1210 973 1284 βραχέος
994 1214 1042 1267 καὶ
1064 1216 1176 1283 μακροῦ
1198 1209 1311 1285 χρόνου,

188 1291 303 1372 ἄρχεται
321 1299 352 1355 δέ
370 1295 428 1354 ἀπὸ
446 1290 572 1372 ἄρσεως.
593 1343 599 1354 .
620 1343 626 1354 .
647 1342 653 1354 .
672 1309 790 1373 χορεῖος·
811 1299 959 1370 συνέστηκε
978 1300 1009 1356 δέ
1027 1297 1060 1354 ἐκ
1077 1305 1188 1373 μακροῦ
1206 1299 1311 1372 χρόνου

188 1391 235 1443 καὶ
252 1388 373 1462 βραχέος
390 1386 502 1460 χρόνον·
521 1379 634 1461 ἄρχεται
653 1387 683 1444 δέ
702 1382 758 1446 ἀπὸ
777 1388 891 1454 θέσεως.
928 1389 1068 1446 Videmus
1091 1391 1180 1462 igitur
1201 1390 1311 1444 iambos

180 1487 246 1534 'non
269 1495 330 1534 esse
354 1477 504 1534 trochaeos
527 1479 659 1532 auaerusi
682 1478 841 1549 praeditos,
865 1484 898 1533 ut
921 1479 1032 1534 Weckl.
1056 1510 1090 1518 —
1119 1479 1311 1548 Zomerides')

189 1568 320 1623 fecerunt
333 1574 363 1622 et
374 1567 523 1623 Ohristius.
531 1568 551 1636 8)
560 1567 582 1638 ⁴)
601 1599 635 1608 -
654 1566 711 1622 Sed
730 1567 879 1646 redeamus
897 1568 934 1622 ad
947 1586 1059 1623 versum
1078 1574 1216 1624 nostrum.
1245 1568 1312 1623 Non

188 1657 379 1712 necessarium
397 1655 524 1726 videtur,
547 1673 613 1710 oum
631 1655 736 1710 Weilio
761 1650 797 1710 ὀᾶ
819 1656 966 1727 duplicare
990 1663 1020 1712 et
1041 1673 1107 1711 cum
1125 1656 1312 1728 sequentibus

190 1746 397 1816 coniungerel),
415 1762 509 1816 neque
529 1761 594 1799 cum
612 1744 763 1800 Dindorfio
777 1739 812 1799 ὀᾶ
831 1738 866 1798 ὀᾶ
884 1745 1047 1816 (diiambus)
1065 1745 1227 1815 scribere0),
1245 1762 1311 1800 nsm

189 1834 262 1888 illud
281 1837 298 1887 ἃ
316 1833 427 1888 tamdiu
445 1833 602 1904 producere
626 1833 707 1900 lieet,
731 1833 868 1904 quamdiu
890 1833 974 1900 libet,
998 1830 1202 1905 neque'altera
1225 1833 1312 1888 inter-

189 1924 312 1979 iectione
331 1940 403 1995 opus
422 1929 473 1978 est.
494 1955 527 1963 -
549 1923 681 1994 Denique
700 1922 877 1977 incredibilis
896 1923 967 1978 mihi
985 1923 1099 1978 videtur
1117 1922 1313 1992 Rossbachiib

189 2013 345 2081 sententia,
374 2002 409 2066 ὀοί
437 2029 497 2066 esse
525 2011 683 2083 spondeum
711 2028 744 2066 ac
769 2028 835 2066 cum
857 2010 1043 2082 sequentibus
1067 2011 1311 2083 coniungendum:

189 2146 207 2155 -
219 2146 237 2154 -
249 2146 267 2154 -
279 2126 297 2153 o
309 2146 327 2154 -
339 2126 357 2152 o
369 2146 387 2155 -
399 2125 418 2154 o
429 2117 455 2169 ιν,
469 2106 501 2154 ut
514 2117 611 2155 versus
624 2100 786 2154 trochaicus
800 2101 958 2155 exsisteret.
989 2101 1089 2170 Immo,
1102 2107 1135 2156 ut
1147 2102 1230 2155 initio
1243 2100 1312 2170 dixi,

189 2189 309 2258 iambus,
329 2190 378 2260 qui
396 2190 426 2243 in
445 2188 553 2243 medios
571 2189 721 2244 trochaeos
740 2190 865 2258 inicitur,
887 2189 924 2243 ad
942 2191 1115 2244 sententiam
1133 2191 1223 2244 totius
1241 2196 1312 2244 stro·

189 2277 264 2349 phac
283 2278 390 2348 optime
410 2277 540 2348 quadrat.
572 2278 642 2331 Cum
661 2277 764 2332 chorus
783 2278 882 2347 cladis,
902 2295 987 2349 quam
1006 2281 1149 2334 exercitus
1161 2279 1312 2334 Persarum

190 2367 318 2437 accipere
337 2372 447 2436 potest,
469 2367 643 2421 mentionem
661 2366 745 2432 facit,
769 2367 936 2438 rhythmum
954 2383 1013 2421 non
1032 2374 1197 2423 constanter
1215 2385 1313 2440 proce·

189 2455 265 2525 dere,
284 2455 334 2510 sed
352 2455 448 2511 subito
468 2456 525 2511 alio
543 2472 647 2526 genere
667 2455 818 2512 interiecto
837 2457 942 2511 variari
961 2456 1121 2527 oportebat.

408 2563 434 2632 c)
452 2569 517 2633 post
536 2562 803 2633 pherecrateum
822 2561 934 2617 iambus
953 2563 1090 2617 occurrit:

279 2652 363 2705 Pers.
383 2650 457 2706 568:
476 2644 561 2714 ἀκτὰς
579 2645 651 2717 ἀμφὶ
664 2652 801 2723 Κυχρείας
817 2655 821 2721 Ι
839 2646 874 2705 ὀᾶ
888 2670 922 2686 ···
940 2651 1007 2710 tlte
1027 2652 1136 2706 παίδων
1154 2655 1204 2716 τᾶς
1217 2646 1313 2719 ἀμιάν-

190 2756 240 2793 του
256 2741 260 2808 Ι
277 2733 320 2792 ὀᾶ.
1227 2735 1234 2748 “

511 2817 539 2888 d)
558 2819 650 2872 anteit
669 2817 813 2889 dipodia
830 2818 986 2873 iambica.

279 2909 365 2964 Pers.
384 2909 446 2976 bil,
464 2906 515 2960 ubi
534 2907 604 2961 item
617 2923 651 2961 ac
670 2907 740 2961 locis
758 2906 843 2962 modo
857 2907 981 2962 laudatis
1000 2908 1172 2980 monopodia
1189 2908 1314 2963 iambica

190 2995 344 3050 statuenda
366 3002 421 3064 est,
446 2996 522 3067 quod
545 3002 623 3051 recte
646 2996 777 3051 feceruut
800 2997 984 3052 Hermannus
1006 3004 1036 3053 et
1054 2997 1225 3068 Schillerus‚
1248 3015 1313 3053 cum

190 3085 350 3139 sententiae
373 3084 543 3154 Dindorfii⁸l
565 3084 690 3156 Weilii0)
713 3084 935 3156 Rossbachiiffl),
964 3087 1013 3157 qui
1037 3104 1135 3142 omnes
1158 3081 1193 3142 ὀᾶ
1216 3081 1252 3142 ὀᾶ
1273 3087 1313 3141 le·

190 3179 271 3244 gunt,
290 3173 485 3244 repudiandae
503 3174 569 3228 sint.

493 3283 520 3352 e)
537 3281 614 3337 inter
632 3281 812 3336 trimetros
831 3280 1009 3340 iambicos.

279 3372 334 3438 ις.
353 3371 441 3428 ιιιιιι
459 3373 514 3438 φεῦ
533 3373 587 3439 φεῦ
606 3377 636 3425 ee
655 3370 789 3440 ouospu.
808 3371 879 3427 1044
898 3357 916 3424 ἆ
935 3358 960 3425 ἆ.

279 3457 412 3512 Vidimus
439 3459 528 3529 igitur
551 3460 603 3513 has
626 3459 812 3531 monopodias
836 3459 973 3515 iambicas
998 3460 1073 3516 solas
1100 3461 1314 3515 interiectiones

191 3563 260 3616 esse,
279 3562 385 3617 quare
404 3553 562 3601 commotus
580 3547 611 3601 in
630 3548 674 3602 his
692 3548 795 3604 iambis
814 3567 872 3605 non
890 3551 1013 3605 habeam
1032 3549 1111 3620 Sept.
1131 3549 1174 3602 88.

282 3691 307 3760 1)
326 3663 392 3744 ores.
406 3689 526 3760 urgent.
540 3689 595 3757 ιιι,
613 3706 680 3761 pag.
694 3692 753 3746 149.
768 3721 801 3730 -
815 3692 841 3761 a)
860 3693 891 3746 m
909 3691 1036 3746 editione
1051 3688 1117 3742 1891
1139 3687 1179 3756 (m
1197 3689 1314 3756 μετρικχ
1420 3743 1423 3750 ,

191 3765 327 3840 συνόψει).
341 3801 374 3810 -
393 3770 418 3839 3)
438 3768 523 3824 Metr.
539 3769 616 3837 1879,
635 3785 700 3840 pag.
715 3770 775 3824 313.
795 3801 829 3810 —
848 3772 876 3841 4)
896 3770 1025 3825 conferas
1044 3767 1079 3821 de
1098 3766 1153 3820 hac
1171 3783 1201 3820 re
1216 3765 1313 3818 Bram-

175 3846 326 3904 'bachium
348 3849 379 3903 in
405 3854 501 3915 „metu
514 3847 647 3920 ¹Studien
670 3867 705 3902 zu
724 3848 908 3919 Sophocles‘‚
931 3865 997 3919 pag.
1017 3847 1065 3912 36,
1090 3844 1139 3916 qui
1162 3845 1313 3898 anacrusin

189 3928 270 3984 illam
288 3930 319 3984 in
331 3934 461 3984 veterum
473 3927 601 3982 versibus
619 3928 761 3998 repudiat.
781 3958 814 3969 -
834 3930 860 3999 5)
880 3927 910 3982 id
929 3926 1005 3999 quod
1024 3942 1057 3980 co
1075 3925 1194 3980 consilio
1212 3924 1313 3979 fecisse

190 4008 316 4078 videtur,
339 4015 373 4063 ut
391 4009 520 4063 trimeter
538 4006 685 4076 iambicus,
709 4013 742 4062 ut
759 4007 836 4062 infra
854 4008 891 4064 V.
913 4006 962 4062 130
982 4007 1011 4060 in
1030 4005 1191 4060 trochaicos
1208 4005 1314 4059 insere·

189 4093 277 4142 retur.
310 4119 345 4128 -
377 4089 404 4158 6)
428 4087 463 4142 of.
492 4087 549 4142 lex.
577 4088 710 4159 Aeschyl.
742 4103 807 4158 pag.
836 4087 889 4140 236
920 4102 988 4156 „ego
1016 4084 1162 4156 duplicavi
1193 4084 1314 4139 aliarum

190 4167 307 4222 huiusce
321 4167 398 4222 modi
411 4168 652 4222 exclamationum
662 4167 795 4239 exempla
804 4166 943 4221 secutus.“
958 4197 992 4206 -
1009 4167 1035 4235 7)
1045 4165 1131 4220 Metr.
1140 4165 1313 4237 pag.200.—

191 4247 218 4317 8)
237 4246 342 4302 Philol.
361 4247 444 4317 XIII,
463 4264 529 4318 pag.
546 4247 608 4316 477,
627 4246 663 4301 de
682 4263 739 4317 qua
757 4246 919 4300 accuratius
936 4245 998 4299 dixi
1016 4261 1082 4316 pag.
1100 4244 1125 4301 8.
1146 4277 1179 4285 -
1198 4247 1225 4316 9)
1245 4244 1313 4300 edit.

190 4325 300 4382 Teubn.
322 4327 399 4382 1891.
418 4358 453 4368 -
474 4328 518 4398 10)
537 4327 621 4382 Metr.
640 4343 707 4398 pag.
726 4327 788 4382 679.
