3176 5060
677 265 715 272 -,
764 232 807 290 »95
857 264 897 276 „-

315 404 400 459 Hanc
419 403 565 474 stropham
584 403 658 458 inter
672 403 898 474 elegantissimas
916 402 1094 458 'referendam
1109 420 1169 457 esse
1183 404 1344 475 multasque

226 493 296 546 alias
315 492 473 548 variatione
492 491 620 562 rhythmi
639 491 712 547 bene
732 491 824 546 electa
847 508 993 562 superare,
1017 492 1075 545 iam
1093 492 1176 546 multi
1195 492 1249 546 viri
1267 492 1345 548 docti

226 587 405 636 monuerunt.
452 581 702 653 supervacaneum
729 580 856 648 videtur,
884 599 929 636 me
958 581 993 636 de
1021 581 1222 652 rhythmorum
1249 582 1344 638 indole

226 671 386 725 accuratius
409 670 503 726 dicere
526 671 624 742 itaque
648 671 785 726 lectorem
809 671 942 742 fatigare:
967 671 1036 726 satis
1058 671 1126 738 erit,
1154 672 1208 726 hoc
1232 677 1344 726 tantum

225 759 379 829 monuisse,
399 766 513 830 vquanta
536 765 597 815 arte
616 759 775 831 Aeschylus
793 760 915 830 primum
935 760 1070 816 trimetris
1093 760 1221 815 iambicis
1246 779 1344 832 synco-

225 849 300 920 patia
319 848 468 905 malaciam
492 850 589 920 maria,
612 855 674 904 tum
692 850 818 920 tripodis
836 849 985 920 iambica¹)
1008 849 1210 905 difficultatem
1232 857 1262 907 et
1283 852 1344 907 ino-

224 939 302 1009 piam
320 937 491 1009 depinxerit,
510 939 613 993 deinde
633 955 718 1010 quarn
735 939 885 1010 eleganter
903 955 954 1009 per
972 939 1043 994 duos
1056 939 1264 1010 pherecrateos,
1284 941 1344 1011 qui·

224 1027 285 1106 bns¹
296 1027 447 1098 rhythmus
465 1029 522 1083 iam
541 1029 639 1100 rigore
658 1035 788 1099 augetur,
807 1029 933 1082 animum
952 1028 1090 1084 auditoris
1109 1029 1146 1083 ad
1165 1029 1344 1085 choriambus

224 1118 428 1188 composuerit,
452 1117 556 1188 quibus
579 1123 734 1188 tempestas
757 1117 1006 1189 perturbationum
1030 1118 1115 1188 plane
1140 1120 1271 1191 erumpit.
1313 1119 1343 1175 si

224 1207 288 1278 quis
306 1207 432 1261 animum
451 1213 546 1278 potest
563 1207 708 1277 inducere,
727 1213 761 1262 ut
779 1207 831 1262 hos
844 1207 914 1262 duos
933 1207 1133 1279 pherecrateos
1151 1227 1203 1280 pro
1216 1209 1344 1264 dimetria

223 1296 353 1351 iambicis
372 1297 530 1368 accipian),
549 1315 579 1352 se
597 1314 698 1369 parurn
722 1297 890 1369 intellegere
914 1297 1079 1366 discrimen,
1102 1297 1178 1369 quod
1202 1303 1246 1353 est
1268 1299 1343 1354 inter

223 1385 377 1440 iambicum
396 1392 426 1441 et
444 1385 643 1457 logaoedicum
662 1387 829 1456 rhythmum
848 1387 926 1442 clara
943 1403 1012 1443 voce
1032 1386 1191 1458 profitetur.

293 1470 296 1479 '
314 1476 445 1546 Choeph.
462 1478 514 1532 40:

222 1561 333 1619 τοιάνδε
350 1561 438 1636 χάριν,
458 1559 600 1636 ἀχάριτον,
619 1559 783 1637 ἀπότροπον
801 1570 897 1621 κακῶν
914 1584 932 1619 ῡ
944 1613 962 1620 -
974 1570 1339 1622 cccccccccc-ed

222 1650 257 1708 ἶώ
276 1651 571 1722 γαῖαμαῖα,μωμε’να
917 1683 1192 1712 λιι-.-ψιμυ-

221 1737 252 1810 μ’
271 1739 356 1798 ἰάλλει
375 1738 495 1808 δύσθεος
512 1740 591 1813 γυνά.
917 1774 935 1800 ο
948 1783 981 1798 ι.-
996 1783 1029 1798 r-
1042 1795 1060 1800 .-
1072 1773 1089 1798 ο
1101 1793 1119 1800 -
1131 1772 1149 1799 ο
1160 1793 1178 1800 -

222 1835 366 1902 φοβοῦμαι
384 1825 409 1885 δ’
428 1824 495 1898 ἔπος
513 1826 572 1904 τόδ’
591 1829 718 1904 ἐκβαλεῖν
919 1863 937 1889 ο
950 1872 984 1888 2.
997 1885 1015 1892 ..
1026 1864 1045 1890 o
1056 1883 1074 1890 -
1086 1863 1104 1888 ο
1117 1882 1133 1890 -
1146 1862 1164 1888 υ
1175 1883 1193 1890 „

222 1922 250 1976 τί
266 1915 320 1992 γὰρ
338 1917 439 1993 λύτρον
457 1919 595 1988 πεσόντος
613 1918 731 1991 αἵματος
750 1924 843 1998 πέδῳ,·
872 1983 874 1988 ,
919 1951 937 1979 o
949 1953 996 1980 ,ο
1008 1974 1025 1982 -
1038 1951 1056 1980 υ
1068 1951 1145 1982 -υ,
1157 1951 1175 1978 o
1187 1953 1264 1979 „o-
1324 1927 1340 1987 5

222 2005 257 2066 ἶώ
275 2008 407 2079 πάνοιζυς
424 2009 507 2066 ἑστίαι
920 2042 938 2068 υ
950 2063 968 2070 fl
979 2043 998 2070 υ
1009 2064 1027 2070 .-
1038 2043 1057 2070 υ
1068 2064 1086 2070 -
1098 2042 1116 2068 υ
1128 2063 1145 2070 -

221 2095 255 2156 lo}
274 2104 450 2170 κατασκαφαὶ
469 2099 571 2170 δόμων.
919 2131 939 2160 υ
950 2153 967 2160 -
979 2133 997 2160 υ
1009 2154 1027 2161 -
1038 2133 1057 2160 o
1068 2154 1085 2160 -
1098 2133 1116 2160 e
1127 2153 1146 2160 -

222 2184 327 2258 άνὴλιοι
345 2194 541 2262 βροτοστυγεῖς
949 2242 968 2251 -
1010 2244 1027 2250 ,
1068 2243 1086 2250 -
1128 2243 1146 2249 -

223 2275 322 2348 δνόφοι
339 2278 508 2336 καλύπτουσι
526 2277 630 2349 δόμους
920 2309 938 2338 ο
949 2332 967 2340 ,
978 2310 997 2338 ο
1010 2321 1042 2337 ε.
1060 2287 1063 2355 l
1079 2332 1097 2339 -
1109 2311 1127 2338 υ
1139 2311 1156 2337 o
1168 2331 1186 2338 -

225 2371 367 2425 δεσποτῶν
385 2366 554 2425 δανάτοισιν.
922 2400 1125 2429 ,υ,οο,υ.
1307 2374 1339 2426 10

311 2459 397 2529 Ordo,
417 2477 473 2531 qno
487 2477 584 2515 versus
603 2461 753 2531 compositi
771 2469 847 2531 sunt,
865 2468 924 2517 tam
943 2464 1109 2535 perspicuus
1127 2469 1157 2519 et
1176 2462 1268 2518 clarus
1288 2468 1339 2532 est,

227 2552 257 2601 ut
273 2549 387 2605 schema
405 2549 561 2620 appingere
580 2551 669 2604 iuvet:

249 2640 323 2695 trim.
341 2639 427 2695 iamb.

385 2731 391 2742 .
765 2658 785 2792 l,
817 2690 914 2745 Prima
932 2695 1013 2761 parte
1033 2690 1165 2745 carminis
1184 2693 1283 2761 (usque
1302 2690 1338 2745 ad

249 2737 364 2803 pentap.
383 2729 468 2784 ramb.
489 2729 514 2782 2.
533 2728 607 2800 pede
625 2746 703 2799 sync.
749 2735 767 2864 p

816 2780 853 2835 V.
877 2782 904 2852 5)
933 2785 1075 2849 centrum,
1106 2787 1139 2836 ut
1167 2781 1209 2835 ita
1236 2780 1338 2846 dicam,

816 2870 992 2941 pentapodia
1005 2871 1029 2924 2.
1049 2871 1074 2924 3.
1094 2871 1166 2941 pede
1181 2877 1338 2942 syncopata

816 2966 939 3031 occupat
944 2978 951 3026 ;
970 2961 1040 3029 iure,
1055 2976 1122 3014 nam
1134 2961 1180 3014 hic
1193 2961 1236 3014 ira
1249 2961 1337 3032 chori,

817 3067 900 3120 quam
926 3067 962 3104 ex
985 3051 1101 3120 negotio
1123 3067 1140 3103 a
1164 3048 1274 3123 δυσθέῳ
1298 3051 1337 3107 fe·

815 3140 893 3193 mina
920 3146 1052 3210 accepto,
1081 3140 1172 3209 capit,
1199 3157 1336 3196 summam

815 3227 957 3297 ascendit,
990 3228 1065 3300 quod
1080 3246 1144 3299 per
1172 3226 1255 3293 τονάς
1282 3230 1336 3285 hoc

814 3316 907 3372 medio
920 3335 1004 3372 versu
1022 3317 1180 3372 cumulatas
1199 3319 1252 3373 sub
1271 3337 1336 3374 ocu·

813 3407 856 3462 los
873 3406 1075 3478 proponitur.³)

248 2825 363 2892 pentap.
382 2818 467 2874 iamb.
487 2819 512 2874 2.
532 2819 556 2872 3.
575 2818 648 2890 pede
667 2836 745 2890 syno.

248 2916 325 2981 pent.
344 2909 430 2964 iamb.
450 2909 475 2962 2.
494 2907 567 2979 pede
586 2925 664 2978 syne.

247 3001 321 3054 trim.
340 2999 426 3054 iamb.

247 3090 313 3144 nm.
332 3075 453 3209 saman

247 3180 312 3234 dim.
332 3181 416 3236 iamb.

246 3269 312 3324 dim.
332 3209 454 3339 λυπηρά]

246 3358 312 3414 dim.
331 3361 417 3417 iamb.
436 3365 470 3432 -λ
490 3363 646 3419 choriamb.

246 3448 405 3518 pherecrat.
425 3451 497 3507 alter

343 3594 373 3665 k)
393 3595 489 3662 iambi,
508 3597 644 3662 trochaei,
663 3597 850 3668 pherecratei,
870 3598 1014 3670 glyconei:
1039 3597 1212 3652 clauduntur

630 3704 680 3757 per
699 3688 923 3758 pherecrateum.

307 3776 408 3841 agam.
428 3777 496 3831 354:

430 3857 495 3928 Διὸς
513 3858 622 3935 πλαγὰν
641 3857 753 3934 ἔχουσιν
771 3865 858 3920 εἰπεῖν
986 3894 1003 3919 c
1016 3903 1049 3918 ε.
1064 3903 1096 3918 μ
1110 3914 1128 3920 -
1140 3893 1158 3918 o
1170 3915 1187 3920 -
1199 3894 1217 3919 υ
1230 3910 1262 3918 -
1283 3915 1299 3922 ,.
1320 3870 1332 3922 l

431 3949 546 4026 πάρεστι
565 3951 649 4008 τοῖσδ
668 3951 694 4023 γ’
713 3950 868 4023 ἐξιχνεῦσαι
986 3984 1005 4010 υ
1016 4004 1034 4010 ..
1045 3983 1064 4010 υ
1075 4003 1093 4011 -
1105 3984 1123 4010 o
1134 4004 1153 4010 -
1164 3983 1183 4010 υ
1195 3993 1227 4008 2
1241 4006 1259 4011 -.

218 4055 429 4063 ————..-—..

308 4096 334 4167 1)
352 4097 397 4151 De
416 4097 495 4151 cuius
515 4098 543 4150 vi
562 4096 628 4151 vide
646 4114 711 4168 pag.
733 4099 773 4152 15.
802 4130 835 4137 -
864 4099 890 4168 2)
908 4100 949 4154 Ut
967 4117 997 4154 re
1015 4117 1083 4155 vera
1101 4101 1334 4158 Wilamowitains

219 4175 246 4244 (l.
266 4175 283 4228 l.
303 4193 368 4247 pag.
388 4177 415 4244 4)
435 4177 511 4231 fecit.
537 4209 572 4216 —
596 4179 622 4247 3)
641 4177 701 4232 Sub
720 4177 817 4233 oeulos
835 4178 899 4234 dico
919 4181 967 4249 eis,
986 4181 1035 4251 qui
1054 4182 1111 4235 vim
1130 4181 1257 4252 rhythmi
1276 4201 1332 4238 non

218 4255 333 4310 auribus
351 4257 522 4328 percipiunt,
541 4257 591 4312 sed
610 4275 646 4313 ex
664 4259 752 4330 signis
770 4261 895 4315 metricis
913 4267 1027 4316 tantum
1046 4270 1229 4334 cognoscunt.
