3176 5060
650 237 952 340 -ra--⁴

290 452 1323 524 Η1111ο1101111111117111111101111ι111ε1))111111ε111ε1111111111111111111111εεεοοοιιεοῦ,1

199 546 282 599 cuius
300 545 417 599 tertium
436 550 559 598 metrum
577 544 615 597 sit
633 543 873 613 anaclonenumfi)
908 543 994 613 Legit
1013 543 1101 612 igitur
1120 558 1217 595 versus
1235 541 1287 595 sic:

209 651 375 773 μέμωεῒθαῖ
412 661 479 768 1th
493 650 548 774 μῦς
566 679 612 775 νέρ
631 678 683 757 θεν
694 641 877 773 riboldi-liade
895 678 952 766 τοῖς
970 657 1075 756 arbro-tl
1094 656 1155 756 θέτ’
1169 655 1302 770 tyatiram

200 775 389 846 dipodiamb.
413 774 508 847 dipod.
528 774 612 829 iamb.
647 775 786 829 anaclasis
838 773 955 845 dipodia
972 773 1068 827 iamb„
1102 772 1198 844 dipod.
1213 771 1298 827 iamb.

200 848 389 918 2.pedesync.
414 848 438 901 2.
448 847 521 917 pede
531 863 608 916 sync.

201 935 329 991 Similem
348 953 508 1006 mensuram
528 938 614 990 etiarn
633 935 832 1005 Conradtius³)
851 937 880 988 111
900 935 1019 1005 stropha
1037 934 1186 1003 amplexus
1206 939 1261 987 est:

250 1023 269 1060 ῦ
300 1023 333 1059 m
361 1026 395 1060 a
433 1025 465 1058 m
1086 1033 1088 1037 ·

201 1074 278 1150 πρὸο
294 1097 385 1150 τερνοι
403 1079 519 1146 στολμοί
537 1087 590 1132 etc.
628 1077 684 1132 Sed
707 1083 784 1132 recte
804 1043 863 1130 iarn
883 1077 1029 1145 Weilius⁴)
1052 1076 1199 1146 perspexit
1222 1074 1323 1144 rhyth-

202 1184 280 1220 mum
299 1166 518 1222 descendentem
543 1167 716 1236 exspectari,
739 1165 889 1235 inprimis
912 1165 942 1219 in
962 1164 1154 1234 antistropha,
1178 1163 1228 1217 ubi
1251 1163 1323 1218 haec

202 1256 303 1310 verba:
328 1258 509 1328 „gravissime
528 1257 602 1310 ferre
621 1256 728 1310 inferos
746 1254 1034 1324 interfectoribusque
1053 1254 1245 1320 succensere‚“
1266 1270 1323 1307 non

203 1344 333 1399 iambicis
352 1344 601 1414 ascendentibns⁶)
621 1344 744 1414 exprimi
762 1349 905 1414 poterant.
943 1343 1044 1412 Leges,
1069 1359 1187 1412 quaeso,
1211 1347 1323 1396 attento

204 1434 300 1488 animo
319 1451 352 1489 ac
371 1451 440 1488 voce
459 1434 607 1488 summissa
625 1450 723 1487 versus
741 1434 793 1486 sic:

276 1521 437 1589 μέμφεσθαι
455 1517 522 1587 τοὺς
539 1526 599 1591 γᾶς,
619 1520 719 1591 νέρθεν
737 1517 901 1591 περιθύμως
919 1567 936 1574 -
949 1539 967 1572 ῡ
980 1567 996 1574 -
1009 1538 1026 1572 ῡ
1039 1546 1175 1574 ,μου
1188 1543 1221 1578 2
1235 1565 1253 1572 -

365 1619 424 1676 τοῖς
441 1611 576 1665 κτανοῦσί
593 1605 617 1664 τ’
637 1606 762 1678 ἐγκοτεῖν
1096 1655 1114 1662 -

205 1701 261 1754 iam
280 1702 394 1768 senties,
413 1701 457 1754 his
475 1699 611 1770 gravibus
629 1699 781 1764 trochaeis,
802 1699 851 1768 qui
870 1716 921 1768 per
940 1699 1080 1769 spondeos
1099 1704 1128 1753 et
1146 1715 1197 1768 per
1214 1692 1324 1764 rovivl)

205 1788 314 1859 duplex
331 1789 444 1859 pondus
462 1789 569 1842 habere
582 1788 724 1856 videntur,
744 1789 834 1842 multo
848 1788 948 1842 melius
967 1788 1042 1841 hano
1061 1787 1207 1856 stropham
1221 1785 1324 1853 claudi,

206 1894 291 1947 quam
309 1877 412 1931 iambis
431 1877 660 1932 ascendentibus.
697 1878 763 1932 Jam
782 1877 863 1945 illud,
883 1876 959 1947 quod
980 1893 1075 1930 versus
1095 1892 1112 1929 a
1130 1874 1242 1945 syllaba
1261 1891 1325 1944 pro-

205 1965 293 2019 ducta
311 1972 341 2020 et
359 1967 439 2036 gravi
460 1999 491 2006 —
512 1966 566 2020 hoc
585 1967 791 2021 sententiarum
810 1982 920 2019 conexu
935 1996 968 2002 —
988 1965 1107 2034 incipiat
1124 1983 1141 2016 ι
1154 1980 1172 2015 v
1183 1982 1201 2016 ι
1213 1979 1240 2032 ῡ,
1259 1979 1325 2030 non,

205 2062 239 2108 ut
252 2055 470 2110 Wilamowitzio
489 2056 580 2109 visum
599 2062 651 2124 est,
670 2071 687 2108 a
705 2056 774 2110 levi:
789 2071 807 2106 ῡ
819 2086 853 2106 ι-
866 2100 883 2106 -
894 2071 911 2105 ῡ
921 2087 955 2105 m
967 2097 971 2106 .
984 2098 989 2107 .
1003 2095 1008 2106 .
1021 2059 1147 2107 nostram
1165 2069 1326 2106 mensuram

205 2143 349 2214 probabit.

296 2235 363 2289 3092
391 2233 514 2288 Medicei
542 2230 652 2302 τύχοιμ’
680 2223 715 2287 άν
744 2228 846 2287 ἕκαθεν
874 2227 987 2303 οὐρίσας
1014 2249 1078 2286 cum
1102 2233 1269 2286 Hermanno
1296 2231 1327 2284 in

207 2312 332 2390 ἄγκαθεν
355 2324 538 2392 mutaverim,
561 2341 628 2376 nam
653 2323 749 2376 malim
772 2322 939 2393 logaoedico
959 2339 1076 2376 numero
1100 2321 1208 2391 priores
1231 2325 1327 2388 partes

206 2410 346 2478 tribuere,
370 2429 435 2466 cum
454 2418 516 2466 tota
540 2412 658 2483 stropha
676 2411 767 2480 magis
786 2428 801 2464 e
820 2411 973 2464 trochaicis
993 2410 1038 2464 vel
1060 2409 1233 2479 logaoedicis
1252 2424 1327 2462 conr-

208 2500 301 2568 posita
332 2501 382 2568 sit,
414 2506 442 2554 et
474 2501 654 2570 antistropha
681 2500 756 2568 (3251
789 2500 879 2561 δίπαις
901 2499 946 2552 τοί
968 2496 993 2551 α’
1017 2495 1189 2568 ἐπιτύμβιος)
1218 2502 1327 2550 rectum

201 2593 330 2644 'metrum
348 2589 518 2659 praebeat.⁷)

297 2679 365 2733 3122
389 2679 446 2732 Hic
466 2694 592 2748 quoque,
615 2684 648 2732 nt
667 2677 744 2731 Pers.
764 2677 816 2731 570
840 2676 934 2730 ionico
953 2677 1047 2730 versui
1069 2676 1164 2730 locum
1188 2675 1327 2729 dederim:

207 2763 318 2835 χάριτες
339 2760 368 2819 θ’
387 2758 507 2834 ὁμοίως·
525 2792 574 2818 oo
586 2795 612 2822 aa
632 2792 652 2818 υ
664 2812 682 2820 -
694 2808 724 2832 -,
749 2783 806 2820 non
829 2765 951 2819 iambico
976 2765 1106 2819 anacrnsi
1130 2770 1228 2832 aucte,
1253 2763 1329 2834 qnod

208 2854 401 2925 Dindorfius⁸)
420 2856 518 2910 voluit.

299 2946 366 3000 3702
391 2947 452 3009 Ζεῦ,
472 2948 535 3010 Ζεῦ,
553 2942 684 3000 κάτωθεν
702 2941 811 2998 ἰάλλων.
849 2945 896 3000 Sic
916 2962 981 2999 cum
999 2945 1133 3013 Emperio
1152 2959 1203 3012 pro
1223 2941 1329 2995 tradito

208 3027 370 3100 ἀμπέμπων
388 3034 523 3102 scribam,
547 3052 611 3089 cum
631 3035 721 3104 magis
740 3051 846 3104 pronus
865 3035 917 3088 sim
936 3032 973 3087 ad
991 3050 1104 3086 versum
1123 3030 1330 3102 logaoedicunr,

209 3139 294 3192 quem
319 3124 499 3194 antistropha
522 3124 653 3193 exhibet,
681 3123 865 3178 statuendum
888 3145 924 3174 ω
947 3123 1014 3177 3842
1043 3126 1110 3189 φεῦ,
1134 3125 1201 3188 φεῦ,
1223 3115 1331 3190 κάρανα

209 3208 335 3284 δαΐξαςθ)
359 3229 426 3266 nam
444 3213 533 3267 verba
551 3217 619 3278 Ζεῦ,
642 3217 696 3267 Ζεῦ
714 3219 744 3266 et
763 3217 830 3280 φεῦ,
854 3216 907 3278 φεῦ
925 3212 1056 3282 graviora
1074 3210 1221 3277 videntur,
1245 3225 1331 3279 quam

209 3306 244 3354 ut
263 3301 390 3355 iambum
409 3318 443 3355 ea
462 3301 577 3356 efficere
590 3302 732 3355 versimile
751 3302 788 3355 sit
794 3319 801 3366 3
820 3299 973 3370 legendum
987 3306 1031 3353 est
1043 3302 1107 3362 Ζεῦ,
1121 3301 1183 3363 Ζεῦ,
1202 3294 1332 3350 κάτωθεν

209 3386 313 3443 ἰάλλων

381 3504 415 3524 ι.-
470 3517 487 3524 -
534 3496 553 3523 υ
598 3517 614 3524 -
644 3496 663 3522 υ
678 3487 763 3522 και-Ο

364 3556 427 3619 φεῦ,
446 3555 501 3618 φεῦ
518 3546 626 3621 κάρανα
645 3548 779 3618 ortanam)

205 3771 206 3776 ,
304 3730 330 3797 l)
350 3729 367 3782 l.
381 3729 399 3781 l.
413 3746 478 3799 pag.
494 3731 534 3783 15.
549 3763 583 3768 —
602 3729 629 3797 2)
645 3728 675 3781 id
688 3734 731 3782 est
744 3745 903 3798 proo-o-
916 3728 968 3781 sic:
982 3753 1088 3779 -oo-.
1103 3759 1136 3764 —
1156 3726 1182 3794 3)
1198 3723 1331 3793 „Jahrb.“

216 3809 285 3863 1895
303 3825 368 3879 pag.
388 3810 449 3864 300.
472 3839 504 3845 —
527 3811 554 3877 4)
574 3809 603 3861 in
623 3809 690 3862 edit.
713 3808 788 3862 1860.
814 3839 847 3844 —-
872 3809 898 3876 5)
916 3808 1055 3877 imprimis
1073 3823 1130 3859 uno
1149 3811 1248 3858 tenore
1268 3820 1333 3857 con-

213 3889 334 3942 tinuatis
352 3894 382 3943 et
401 3890 526 3943 anaclasi
544 3889 608 3956 illa,
633 3905 706 3958 quae
725 3888 762 3941 ad
781 3888 959 3941 exsultantes
977 3887 1068 3956 magis
1086 3903 1183 3939 versus
1203 3882 1334 3954 quadrat,

214 3967 359 4039 praeditis.
389 4000 421 4008 -
451 3970 476 4037 6)
496 3985 568 4039 quae
588 3974 653 4037 post
671 3968 818 4037 dactylum
837 3968 915 4021 facta
934 3973 977 4020 est
995 3981 1118 4019 ,com
1132 4006 1158 4018 -.
1182 3994 1216 4000 —
1245 3963 1334 4032 081-

215 4049 291 4103 milis
310 4067 407 4103 versus
430 4056 473 4103 est
496 4050 561 4102 313:
589 4047 735 4116 κέκληνται
753 4044 822 4116 γόος
839 4042 960 4114 εὐκλεής.
991 4077 1023 4085 -
1052 4046 1079 4114 8)
1098 4045 1133 4098 de
1157 4050 1238 4098 metr.
1257 4049 1333 4114 poet.

214 4145 308 4184 scaen.
321 4145 385 4199 pag.
398 4129 441 4182 41.
456 4159 490 4166 —·
509 4131 535 4196 9)
555 4135 598 4182 est
611 4126 802 4198 logaoedicuS,
822 4128 871 4196 qui
884 4132 997 4181 constat
1010 4143 1046 4180 ex
1059 4125 1171 4180 duobus
1183 4124 1335 4191 trochaeis,

216 4226 336 4279 quorum
359 4209 466 4279 primus
489 4212 663 4278 syncopatus
682 4213 738 4275 est,
762 4225 799 4261 ex
817 4207 933 4275 dactylo
957 4207 1117 4276 iterumque
1136 4205 1281 4259 trochaeo.
1301 4235 1334 4242 -

218 4289 261 4358 10)
280 4289 368 4342 falsus
392 4295 488 4342 autem
513 4289 695 4342 Hermannus
723 4293 778 4353 est,
807 4287 856 4357 qui
880 4287 910 4340 in
934 4279 1028 4352 ῦάῖξας
1050 4286 1171 4356 primam
1194 4283 1335 4353 syllabam
