3176 5060
708 265 929 322 ..44-

259 451 329 506 quas
348 433 463 506 quIdam
483 434 518 488 de
537 451 621 488 versu
639 433 793 488 statuendo
812 432 984 500 habuerunt,
1003 433 1040 488 cs.
1059 449 1124 504 pag.
1144 433 1178 488 35
1190 455 1226 484 ω
1245 434 1311 488 rora
1330 429 1392 486 πό-

258 526 321 588 λεος
340 521 357 578 δ
374 519 535 594 πολύβατός
552 514 577 575 τ’
590 516 669 591 άγών
680 523 791 592 βροτῶν
795 539 807 585 ,·
824 521 865 576 sio
879 521 1012 586 Weiliua;
1032 522 1078 578 M:
1096 516 1254 591 πολόβοτός
1265 516 1289 574 τ’
1303 516 1390 576 αἰών.

729 675 758 742 β)
777 672 904 743 spondei.

727 782 820 850 priano
836 780 910 850 pede.

347 889 432 944 Pers.
451 889 519 943 5502
544 884 649 956 Ξέρξης
672 883 702 940 δὲ
726 880 806 940 πάντ’
826 884 930 941 ἐπέσπε
955 881 1127 957 δυσφρόνως.
1169 886 1297 940 Primum
1319 903 1390 940 ver-

257 975 327 1030 bum
346 975 383 1030 ab
402 975 641 1044 Heimsoethio¹),
665 975 714 1045 qui
733 992 845 1029 versum
864 975 948 1028 aliter
972 976 1100 1029 metitur:
1126 968 1159 1028 τά
1177 967 1258 1028 πάντ’
1277 969 1391 1028 ἐπέσπε

258 1060 421 1135 δνσφόροισι
442 1064 584 1135 βαρίδεσσι
612 1063 735 1127 ποντίοις
762 1068 792 1118 et
818 1081 836 1117 a
859 1063 1036 1134 Dindorfio')
1064 1068 1243 1134 expunctum
1266 1070 1322 1132 est,
1348 1095 1388 1104 —

258 1170 368 1207 summa
386 1153 498 1221 iniuria,
517 1159 549 1206 ut
569 1151 661 1208 eredo.
699 1152 773 1206 Nam
792 1159 880 1224 poeta
897 1169 966 1207 sane
980 1151 1015 1208 de
1034 1151 1176 1208 industria
1188 1153 1314 1207 Xerxem
1334 1152 1388 1206 hic

258 1241 375 1296 tertium
399 1242 569 1307 nominavit,
598 1241 644 1296 cui
668 1241 755 1296 etiam
779 1245 844 1304 νᾶες
866 1240 938 1294 illud
961 1247 1005 1296 ter
1028 1242 1182 1312 repetitum
1210 1240 1388 1312 respondere

259 1330 381 1400 voluiti)
431 1330 568 1384 Conferaa
599 1331 686 1385 etiam
717 1331 754 1384 H.
786 1329 1002 1398 Schmidtium⁸)
1038 1337 1068 1384 et
1098 1329 1297 1398 Christiane,
1332 1332 1388 1400 qui
1435 1331 1441 1342 '

259 1419 397 1490 exemplis
416 1417 614 1473 demonstrant
637 1420 750 1488 saepius
768 1418 972 1490 pentapodiam
994 1419 1131 1473 iambicos
1150 1417 1286 1473 dimetros
1304 1418 1388 1472 clau·

259 1508 338 1572 dere,
363 1514 413 1562 aut
437 1509 466 1562 in
490 1509 653 1562 universum
673 1508 758 1562 finem
778 1508 872 1563 facere
894 1507 1080 1562 iambicorum
1100 1525 1242 1562 versuum.
1260 1529 1296 1559 ω
1314 1508 1386 1564 53οε

259 1601 324 1661 νᾶες
341 1595 564 1666 πανωλέθροισιν
582 1593 721 1667 ἐμβολαῖς.

473 1733 500 1801 γ)
518 1731 623 1785 diversi
642 1730 738 1801 pedes,
757 1732 806 1801 qui
825 1748 883 1785 non
902 1731 989 1785 iambi
1009 1731 1074 1801 puri
1092 1737 1166 1785 sunt.

349 1839 434 1894 Pera.
453 1840 521 1894 9632
545 1835 665 1908 Πέρσαις
688 1836 803 1907 άγαοοῖς
820 1831 893 1892 κακά
911 1833 1041 1908 πρόκακα
1059 1836 1156 1907 λέγεις.
1194 1838 1301 1892 Versus
1324 1854 1386 1891 non

259 1944 323 1981 cum
342 1927 483 1982 Schillero
502 1934 531 1982 et
551 1927 754 1996 Rossbachio⁰)
778 1929 807 1980 iu
827 1927 898 1981 duas
921 1933 1018 1997 partes
1036 1927 1212 1981 dirimendas
1231 1932 1287 1981 est:
1311 1923 1384 1997 Πέρ-

260 2033 321 2079 σαις
339 2010 453 2085 ἀγαυοῖς
470 2033 488 2068 u
500 2063 518 2071 -
529 2041 548 2069 o
560 2049 595 2069 .-
608 2063 625 2070 -
641 2018 644 2088 )
661 2011 734 2070 κακά
752 2012 882 2086 πρόκακα
900 2015 956 2085 ray.
974 2041 993 2069 o
1005 2029 1024 2068 ο
1035 2043 1053 2069 υ
1065 2029 1083 2070 ο
1094 2043 1113 2070 υ
1124 2043 1142 2070 ο
1153 2060 1185 2085 -,
1209 2033 1274 2071 eum
1295 2015 1386 2070 doch-

260 2106 344 2158 miaci
357 2122 413 2159 uno
424 2111 537 2159 tantum
547 2106 678 2176 exemplo
690 2112 811 2176 excepto
819 2107 837 2176 7)
848 2107 877 2160 in
888 2106 982 2161 Persis
992 2105 1118 2175 deaInt.⁸)
1137 2107 1197 2159 Hac
1208 2105 1386 2177 pentapodia

260 2194 422 2248 sententiae
436 2211 532 2248 versus
546 2195 653 2265 optime
666 2193 858 2260 illustrantur;
878 2201 1029 2266 postquam
1043 2196 1117 2250 enim
1131 2193 1273 2248 diiambus
1285 2210 1384 2248 ῡ-υ-

260 2283 406 2353 praeterit,
425 2282 521 2337 subito
534 2282 666 2352 dactylus
679 2289 708 2337 et
727 2282 889 2353 tribrachys
902 2289 1100 2354 prorumpunt,
1119 2300 1258 2353 auresque
1272 2289 1383 2337 nostras

260 2371 367 2426 feriunt
383 2417 401 2425 -
413 2383 431 2424 c
442 2396 461 2424 o
473 2397 490 2424 ο
502 2384 521 2423 ο
532 2397 550 2424 υ
561 2397 580 2424 υ
591 2412 616 2425 -.
635 2393 672 2423 ω
690 2373 758 2427 976:
778 2369 988 2443 τροχηλάτοισιν
1007 2365 1107 2426 ὄπιθεν
1126 2367 1266 2439 ἑπόμενοι.

349 2462 451 2517 Prom.
471 2461 540 2517 4352
559 2453 686 2525 κελαινὸς
698 2455 722 2514 δ’
733 2450 820 2524 Ἄιδος
832 2455 985 2532 ὑποβρέμει
1000 2456 1095 2529 μνχός.
1126 2461 1171 2515 De
1191 2462 1384 2531 responsione,

260 2566 333 2620 quae
356 2550 403 2603 hic
427 2550 513 2620 plane
537 2549 672 2604 evitanda
696 2550 764 2619 suit,
788 2552 845 2604 iam
868 2567 933 2621 pag.
953 2551 987 2603 20
1006 2550 1094 2604 verba
1118 2550 1244 2605 fecimus.
1286 2551 1384 2604 Etiam

259 2638 402 2691 Dindorfii
419 2631 547 2702 κελαινός
562 2627 662 2703 Ἄιδος,
686 2655 743 2708 qua
766 2639 932 2692 coniectura
953 2637 1101 2707 dactylum
1120 2639 1211 2694 altero
1230 2638 1303 2710 pede
1322 2640 1384 2694 sine

260 2743 346 2782 causa
368 2728 448 2796 gravi
467 2727 555 2796 sugit,
578 2744 631 2780 nec
655 2745 713 2781 non
732 2726 854 2782 Seidleri
877 2727 1060 2797 sententia9),
1084 2727 1172 2782 verba
1194 2731 1297 2784 κελαιν.
1317 2721 1379 2782 Ἄιδ.

260 2815 424 2870 dochmium
442 2815 571 2884 reddere,
590 2814 768 2885 repudianda
786 2815 928 2869 videntur.
948 2849 983 2856 -
997 2817 1106 2871 Vocem
1124 2821 1184 2886 γᾶς,
1203 2834 1277 2888 quae
1295 2818 1383 2888 vulgo

259 2904 312 2959 sub
331 2906 417 2959 finem
436 2905 549 2976 legitur,
569 2905 599 2958 in
618 2922 643 2957 v.
663 2905 715 2958 430
734 2910 932 2974 transponam,
957 2922 1013 2975 quo
1032 2907 1126 2976 aptior
1145 2911 1197 2975 est,
1221 2923 1308 2977 quam
1326 2907 1382 2962 hic.

348 2998 401 3062 Ag.
421 2996 488 3050 7302
508 2989 626 3061 δαίμονά
644 3012 675 3047 τε
688 2987 738 3047 τάν
751 2989 898 3062 άμάχετον,
917 2988 1067 3062 ἀπόλεμον.
1105 2995 1152 3050 SIc
1171 2995 1249 3049 haud
1268 2997 1326 3051 scio
1345 3013 1382 3049 an

261 3100 358 3137 versus
377 3082 570 3137 restituendus
588 3083 626 3137 sit
644 3081 795 3136 scribendo
815 3076 955 3150 άμάχετον
973 3099 1038 3137 cum
1057 3084 1175 3150 Weilio,
1200 3085 1250 3154 qui
1271 3085 1302 3138 in
1321 3085 1383 3138 uni-

259 3189 371 3226 versum
390 3189 487 3226 versus
506 3179 599 3227 rectos
617 3173 727 3226 statuit.
760 3170 866 3239 Verba,
886 3188 959 3241 quae
978 3177 1064 3226 antea
1083 3179 1232 3242 apparent,
1250 3190 1303 3227 nec
1322 3173 1383 3228 sola

259 3260 383 3331 legenda
401 3267 481 3327 sunt,
505 3266 537 3314 ut
556 3260 702 3330 dipodiam
720 3259 873 3313 iambicam
892 3260 1040 3330 expleant:
1065 3256 1138 3327 φάος
1155 3258 1241 3315 τόκον
1261 3262 1316 3327 (vel
1335 3261 1383 3316 κό-

260 3350 358 3420 rou)¹⁰)
378 3367 430 3404 nec
444 3367 508 3404 cum
528 3356 625 3404 nostra
644 3348 820 3420 pentapodia
838 3349 1047 3419 coniungenda.
1084 3349 1229 3414 Quidnam
1242 3350 1277 3405 de
1291 3370 1317 3407 v.
1331 3353 1383 3406 735

259 3437 444 3492 iudicandum
468 3439 518 3506 sit,
542 3439 605 3492 loco
625 3455 675 3492 suo
695 3436 867 3502 videbimus;
893 3437 1008 3492 interim
1030 3438 1060 3491 in
1084 3437 1138 3491 hoc
1162 3440 1382 3509 acquiescamus,

259 3545 372 3582 versum
392 3529 443 3582 736
463 3544 522 3582 esse
542 3527 758 3598 pentapodiam,
783 3543 855 3597 quae
875 3527 1012 3582 comitata
1035 3533 1077 3582 est
1096 3527 1217 3582 dimetro
1236 3528 1382 3582 trochaico

259 3614 371 3687 ἀνίερον
388 3614 495 3688 θράσος
513 3618 612 3684 μελαί-,
632 3622 694 3670 tum
714 3616 964 3688 pherecrateo·vuc
980 3613 1163 3687 μελάθροισιν
1181 3606 1249 3681 άτας
1266 3619 1383 3672 iterum-

260 3723 314 3776 que
334 3706 532 3775 pherecrateo:
553 3704 699 3772 εἰδομέναν
716 3709 853 3759 τοκεῦσιν,
891 3704 972 3769 Quae
991 3705 1145 3776 descriptio
1160 3707 1247 3760 etiam
1265 3712 1382 3778 propter

350 3867 376 3934 1)
396 3865 539 3920 Wiederh.
563 3882 628 3937 pag.
653 3865 705 3920 348
730 3883 791 3935 sqq.
820 3895 855 3902 -
883 3866 910 3934 2)
933 3865 1037 3919 Philol.
1061 3866 1150 3934 XIII,
1174 3883 1240 3936 pag.
1263 3867 1324 3920 471.
1348 3899 1383 3906 —

259 3947 286 4015 3)
305 3947 460 4000 rectissime
479 3947 568 4016 igitur
581 3946 701 4000 Weilius
720 3946 761 4013 (in
780 3945 848 3999 edit.
871 3945 948 4014 1867)
968 3945 1003 4000 de
1023 3947 1137 4000 nomine
1151 3945 1268 4000 Xerxis:
1290 3945 1383 4017 „quod

259 4026 329 4079 mihi
351 4042 416 4079 cum
434 4027 463 4080 vi
482 4027 636 4097 repetitum
656 4026 742 4080 fuisse
761 4025 901 4080 videtur.“
928 4056 961 4064 -
985 4027 1014 4095 4)
1035 4026 1151 4080 Kunstf.
1170 4026 1214 4094 II,
1237 4043 1302 4097 pag.
1322 4027 1382 4081 368.

259 4135 294 4142 -
313 4106 340 4175 5)
358 4105 442 4161 Metr.
462 4122 530 4179 pag.¹
547 4107 607 4161 349.
628 4136 661 4144 -
682 4107 710 4176 6)
728 4106 812 4160 Metr.
833 4121 899 4175 pag.
921 4106 980 4160 161.
1005 4136 1038 4144 -
1064 4107 1090 4174 7)
1109 4122 1135 4162 ν.
1155 4106 1217 4160 266.
1241 4141 1276 4148 -
1299 4107 1326 4176 8)
1347 4107 1382 4160 cf.

259 4184 413 4239 Christium
432 4185 517 4240 Metr.
537 4203 601 4256 pag.
622 4186 683 4252 456,
702 4184 803 4238 Rossb.
823 4185 907 4239 Metr.
927 4202 991 4255 pag.
1007 4186 1066 4241 779.
1087 4219 1121 4226 —
1139 4187 1167 4254 9)
1185 4185 1203 4239 l.
1223 4186 1241 4239 l.
1261 4203 1326 4257 pag.
1340 4188 1382 4241 56.

260 4296 293 4304 -
324 4265 367 4330 10)
386 4265 423 4320 cf.
442 4266 587 4336 exempla,
612 4281 685 4335 quae
705 4281 770 4335 pag.
790 4266 805 4317 7
825 4281 886 4334 sqq.
906 4264 1067 4330 attulimus;
1092 4265 1129 4319 cf.
1149 4266 1236 4320 ctiam
1255 4283 1319 4337 pag.
1339 4267 1382 4320 23.
