3176 5060
708 300 930 358 „34-

260 489 358 545 preces
387 489 498 526 sursum
530 470 566 526 ad
594 469 705 526 caelum
734 469 802 524 ferri
832 467 906 524 bene
937 467 1085 538 explanat3
1117 467 1193 522 infra
1221 468 1316 537 capite
1339 466 1383 520 IV

260 561 398 633 exemplis
417 559 624 614 monstrabitur
642 558 789 612 tribracho
807 557 921 628 saepius
939 563 1058 624 motum,
1076 555 1126 626 qui
1144 571 1255 610 sursum
1274 554 1316 623 fit,
1335 553 1383 609 de·

260 652 369 722 pictum
388 651 480 719 esse.¹)

622 772 647 841 h)
672 771 834 842 Tribrachys
852 775 879 826 ct
896 771 1027 840 dactylus.

350 883 405 948 Ag.
424 879 510 936 104οι
535 872 680 947 αὐτοφόνα
702 872 775 931 κακὰ
793 873 955 949 capritana·
977 878 1018 931 sic
1037 876 1183 946 Kayscrus
1206 893 1258 947 pro
1277 875 1385 930 tradito

262 963 335 1024 κακὰ
352 962 517 1040 κάρτάναι.)
553 967 678 1022 Metram
698 972 804 1035 autem,
823 966 899 1037 quod
918 965 1085 1020 Dindorfius
1104 966 1216 1036 accepit
1234 967 1385 1036 (paeonem

262 1061 297 1128 l·
316 1057 491 1127 dochmium)
509 1056 658 1128 probabile
678 1061 809 1124 nonest,
833 1073 930 1111 versus
953 1056 1048 1126 potius
1067 1054 1133 1109 dim.
1156 1054 1242 1110 iamb.
1262 1056 1331 1122 est¹)
1349 1075 1386 1105 ω

228 1142 243 1159 '
264 1148 348 1203 1050:
369 1141 521 1212 κλαιόμενα
538 1141 605 1200 τάδε
622 1143 712 1216 βρέφη
730 1141 846 1214 σφαγάς.

352 1235 435 1305 Sept.
454 1235 521 1292 1422
545 1241 598 1289 ποῖ
612 1228 637 1288 δ’
661 1226 701 1288 ἔτι
722 1231 802 1297 τέλος
824 1228 921 1303 ἐπάγει
944 1231 1028 1297 οεός;
1054 1233 1169 1288 Finitur
1192 1232 1312 1302 stropha
1335 1249 1386 1302 per

263 1324 417 1379 iambicum
435 1323 597 1392 dimetrum,
616 1323 666 1393 qui
685 1323 800 1376 minime
820 1339 884 1377 cum
903 1321 1081 1391 Dindorfio⁴l
1100 1321 1131 1376 in
1149 1321 1313 1376 dochmium
1326 1339 1386 1375 mu-

264 1412 369 1467 tandus
387 1418 460 1466 erat:
479 1416 532 1466 ποῖ
546 1409 576 1465 δέ
588 1408 668 1474 τέλος
680 1406 797 1482 προβάς)
806 1407 901 1475 ἐπάξει
913 1408 990 1475 θεός,
1009 1427 1102 1481 neque
1115 1427 1180 1465 oum
1193 1411 1360 1465 Hermanno
1366 1410 1386 1478 ὖ)

265 1509 294 1556 et
311 1501 468 1570 Seidlerol)
487 1501 609 1556 creticus
628 1506 696 1554 ante
715 1498 879 1554 dochmium
897 1499 1092 1570 accipiendus:
1113 1507 1165 1554 ποῖ
1179 1494 1204 1553 δ’
1223 1492 1264 1554 ἔτι
1283 1497 1313 1553 τέ
1324 1498 1328 1571 )
1340 1502 1388 1562 λος

264 1587 361 1660 ἐπάγει
379 1585 456 1654 θεός,
479 1595 542 1658 aut,
566 1595 599 1643 ut
618 1588 762 1644 Seidlerus
781 1589 865 1658 legit:
888 1596 940 1643 ποῖ
956 1587 987 1642 δέ
1005 1585 1084 1652 τέλος
1128 1616 1147 1625 -
1218 1583 1267 1623 ⁹⁰¹
1290 1597 1308 1623 υ

265 1672 303 1733 ἔτ’
322 1675 365 1732 da.
384 1681 412 1732 0.
433 1709 466 1718 -
485 1677 624 1733 Similiter
642 1677 724 1732 Eum.
747 1679 796 1731 161
817 1678 943 1747 stropha,
963 1693 1036 1748 quae
1055 1677 1155 1732 eadem
1175 1694 1190 1732 e
1208 1678 1340 1732 iambicis
1359 1683 1387 1732 et

266 1766 404 1821 dochmiis
419 1770 541 1836 constat,
559 1783 610 1836 per
630 1765 783 1819 dimetrum
798 1765 953 1820 iambicum
966 1767 1092 1821 solutum
1104 1765 1258 1821 clauditur.
1271 1787 1307 1818 cx>
1319 1768 1387 1822 10οι

266 1851 426 1911 ἑπτάπυλον
444 1848 506 1918 έδος
524 1850 667 1926 ἐπιρρύου.

630 2005 673 2077 0)
692 2006 801 2061 iambi
820 2007 1014 2078 syncopati.

613 2115 641 2182 α)
659 2129 784 2183 syncope
803 2113 833 2165 in
852 2112 943 2166 altero
962 2112 1044 2185 pede.

356 2220 409 2286 Ag.
434 2219 502 2274 2112
526 2211 591 2271 ἔτλα
610 2214 634 2271 δ’
655 2207 705 2272 οὖν
723 2211 812 2288 θυτὴρ
835 2216 934 2291 γονέα)
955 2218 1125 2290 Priusquam
1148 2219 1185 2274 ad
1207 2237 1319 2275 versum
1342 2220 1391 2275 de·

268 2307 442 2363 fendendum
461 2307 643 2376 accedamus,
665 2306 790 2376 iuvabit,
808 2325 941 2362 versuum
960 2309 1065 2363 formas
1084 2309 1224 2380 prolerre,
1249 2327 1319 2380 quas
1338 2310 1391 2364 viri

270 2396 348 2452 docti
376 2402 547 2451 statuerunt.
596 2396 812 2450 Hermannus
843 2396 927 2466 legit:
959 2393 1013 2450 έτλ.
1039 2391 1063 2450 δ’
1088 2386 1139 2451 οὖν
1162 2401 1223 2452 ουτ.
1248 2416 1305 2468 γον.
1328 2401 1393 2468 θον.

268 2485 491 2541 Dindorfius:
510 2502 636 2556 πρωτοπ.
657 2477 710 2539 ἔτλ.
731 2480 755 2539 δ’
770 2475 821 2539 οὖν
834 2481 923 2557 θυτήρ
936 2486 938 2557 )
950 2503 1006 2556 γεν.
1026 2481 1249 2555 γυναικοποίνων
1262 2487 1394 2555 πολέμων

269 2571 390 2646 ἀρωγάν.
418 2574 588 2645 Engerus:
604 2570 718 2642 -τοπήμ,
732 2567 821 2628 trad
831 2564 963 2646 οὖν)ουτ.
976 2592 1033 2644 γεν.
1044 2577 1108 2644 toy.
1135 2574 1394 2645 Rossbachiusl)

191 2651 195 2660 ¹
269 2659 328 2717 τάλ.
354 2693 387 2702 -
412 2655 465 2716 tra.
490 2657 514 2716 δ’
533 2651 584 2716 οὖν
602 2665 664 2717 hos.
688 2680 744 2732 γεν.
764 2697 798 2703 -
818 2666 880 2716 πολ.
922 2662 1165 2734 Schmidtius⁸l
1188 2681 1315 2735 πρωτοπ.
1340 2658 1393 2719 έτλ.

270 2747 301 2806 δ’.
322 2752 558 2820 οντ.1νεν.ονν.
583 2768 668 2821 quam
692 2750 905 2806 distinctionem
926 2752 1113 2823 Bernhardi⁹)
1137 2753 1244 2808 laudat.
1283 2755 1395 2808 Harum

271 2847 367 2895 autem
386 2840 610 2910 descriptionum
629 2840 738 2893 nullam
757 2840 827 2893 mihi
846 2841 986 2911 placuisse
1005 2842 1154 2912 profiteor;
1177 2860 1279 2914 sequar
1299 2844 1394 2915 potius

271 2929 415 2997 Weilium,
439 2928 664 2996 Kirchhoffium,
683 2929 892 2983 Weckleinium
913 2930 954 2998 (in
973 2929 1094 2998 Orestia)
1114 2949 1268 3003 versusque
1287 2934 1327 2987 sic
1347 2931 1394 2986 de-

270 3019 381 3086 finiam,
406 3023 438 3071 ut
456 3018 525 3071 ordo
545 3017 660 3088 quidam
680 3023 709 3072 et
728 3017 892 3087 rhythmus,
916 3020 1049 3089 quicum
1073 3021 1223 3076 sententiis
1241 3023 1394 3094 conspiret,

271 3108 387 3170 oriatur.
418 3108 541 3162 Versum
555 3108 607 3162 210
620 3107 714 3162 verbis
733 3106 848 3161 τάλαινα
867 3125 956 3179 usque
975 3110 1012 3164 ad
1031 3126 1157 3181 πρωτοπ.
1177 3117 1294 3182 propter
1312 3108 1396 3180 τονήν

273 3197 414 3252 contineri
426 3197 520 3267 capite
534 3196 580 3250 111
592 3196 806 3265 monstrabitur,
826 3203 922 3253 nostro
936 3205 1032 3254 autem
1044 3216 1128 3254 versu
1147 3200 1234 3255 iambi
1248 3200 1395 3272 fastigium

271 3285 438 3354 ascendunt,
458 3302 514 3356 quo
533 3282 600 3352 τονή
619 3286 727 3356 (littera
746 3275 783 3356 ἂι)
802 3292 832 3342 et
850 3287 924 3342 ictus
942 3288 973 3341 in
986 3284 1075 3359 θυτήρ
1088 3289 1245 3344 rectissimo
1257 3289 1321 3343 loco
1334 3307 1395 3345 ver-

272 3382 379 3430 santur.
417 3375 534 3430 Summa
555 3375 632 3429 enim
651 3375 736 3430 huius
754 3377 888 3447 strophae
908 3383 985 3431 certe
1004 3377 1076 3432 haec
1095 3378 1159 3446 fuit,
1178 3379 1395 3448 Agamemnona

273 3465 398 3518 animum
417 3463 576 3532 induxisse,
598 3463 687 3518 filiam
706 3465 867 3532 immolare,
892 3465 968 3536 quod
992 3466 1113 3521 dimetro
1133 3485 1184 3538 per
1207 3463 1307 3535 τονὴνς
1330 3461 1394 3521 έτλα

273 3547 297 3607 δ’
311 3542 361 3607 οὖν
378 3578 397 3606 υ
410 3555 444 3613 Ξ,
457 3571 475 3605 r
493 3552 566 3608 bene
585 3552 753 3609 illustratur.
786 3555 849 3620 Quo
863 3556 941 3610 facto
960 3556 1096 3626 rhythmo
1110 3556 1261 3626 paullatim
1280 3555 1396 3611 descen·

273 3642 359 3696 dente
382 3659 468 3696 causa
491 3643 623 3710 affertur,
649 3659 706 3712 qua
729 3643 884 3714 perductus
908 3645 1106 3714 Agamemnon
1129 3645 1219 3698 filiam
1242 3645 1396 3699 sacrificari

273 3731 393 3786 iusserit.
431 3731 534 3800 Itaque
559 3731 606 3784 hic
631 3748 744 3801 quoque
768 3749 805 3786 ex
828 3733 881 3801 eis,
905 3732 1009 3802 quibus
1031 3738 1118 3804 poeta
1141 3751 1208 3788 usus
1231 3739 1275 3788 est
1293 3734 1396 3801 verbis,

273 3838 370 3875 versus
393 3819 573 3875 describendi
593 3826 687 3887 erant,
712 3827 742 3875 et
760 3822 809 3876 lex
830 3821 881 3876 illa
900 3838 987 3876 aurea
1010 3822 1114 3876 iterum
1133 3829 1200 3878 ante
1220 3822 1317 3878 oculos
1336 3841 1397 3878 ver·

365 3982 391 4050 1)
410 3981 446 4033 ci.
466 3981 552 4034 etiam
576 3980 648 4034 illud
668 3982 858 4036 Anacreontis
876 3976 1049 4049 ἀναπέτομαι
1073 3984 1130 4052 (ap.
1150 3982 1295 4037 Hillerum
1314 3983 1397 4052 frgm.

274 4061 328 4129 22).
357 4091 390 4100 —
418 4061 444 4128 2)
464 4060 643 4116 Dindorfius:
663 4055 736 4114 κακὰ
754 4059 816 4115 κατ’
835 4057 958 4134 ἀρτάναι.
988 4094 1022 4103 -
1052 4063 1078 4132 3)
1097 4062 1134 4116 cs.
1153 4062 1240 4117 Seidl.
1260 4061 1278 4117 l.
1297 4063 1316 4117 l.
1338 4063 1397 4117 173.

274 4170 307 4178 —
332 4142 359 4208 4)
376 4139 460 4194 Metr.
481 4157 545 4210 pag.
567 4143 608 4197 13.
633 4143 723 4210 -·5)
742 4141 822 4196 elem.
843 4159 908 4212 pag.
927 4142 988 4196 268.
1009 4173 1042 4181 —
1072 4143 1097 4211 6)
1116 4142 1135 4196 l.
1155 4141 1174 4196 l.
1193 4159 1258 4212 pag.
1280 4143 1338 4197 124.
1363 4175 1397 4183 —

276 4221 300 4288 7)
320 4220 402 4275 Metr.
421 4237 486 4290 pag.
506 4222 567 4276 266.
590 4253 623 4261 —
648 4221 675 4290 8)
694 4221 809 4276 Kunstf.
830 4222 852 4289 1,
872 4237 937 4292 pag.
957 4222 1017 4276 256.
1039 4253 1071 4260 -
1096 4224 1123 4291 9)
1142 4221 1160 4274 l.
1180 4221 1198 4274 l.
1218 4238 1283 4292 pag.
1303 4221 1328 4287 8,
1348 4221 1398 4275 ubi

275 4298 408 4364 affirmat,
428 4299 619 4354 Schmidtium
638 4317 727 4354 unum
746 4307 823 4355 recte
842 4301 938 4354 locum
956 4301 1147 4356 constituisse.
