3176 5060
664 302 885 360 ..47-

211 472 341 544 phalium
364 489 479 543 sequar,
505 473 554 543 qui
578 467 611 526 ίώ
634 468 804 539 τιμιώτατον
826 475 900 540 σῆμα
923 473 1008 542 πατρὶ
1031 467 1172 542 πάρευνον
1193 471 1223 525 in
1247 488 1335 526 unum

211 561 423 632 conglutinavit
441 579 561 616 versum.
599 561 728 616 Stultum
751 566 807 627 est,
832 562 861 616 in
885 561 952 616 tali
976 560 1095 632 epodico
1113 575 1243 616 severum
1262 560 1336 614 ordi-

212 667 278 706 nem
296 656 473 721 exspectare,
492 650 542 705 ubi
556 650 671 722 puellae
690 651 814 720 gemitus
826 650 988 719 effundunt,
1007 667 1078 720 quas
1090 650 1206 705 minime
1224 650 1335 705 ratione

211 739 307 810 logica
330 739 425 793 omnia
439 740 580 811 'proferre
608 744 735 810 oportet;
763 739 850 793 immo
873 739 970 794 variae
997 739 1106 794 formae
1135 739 1273 809 impetum
1302 755 1335 793 ac

211 845 336 883 morsum
355 829 460 884 doloris
480 829 553 884 hene
572 829 726 884 illustrant.

474 965 496 1031 c)
516 962 611 1032 quinto
627 963 693 1032 pede
710 979 784 1030 ayne.
802 987 849 1014 υ-
862 985 1073 1014 κων-οι.-

301 1072 355 1136 Ag.
379 1069 446 1124 228:
474 1061 521 1122 ἀπ’
546 1061 671 1136 ὄμματος
693 1066 768 1138 βέλει
791 1067 933 1139 φιλοίκτῳ,
979 1066 1027 1122 Sic
1056 1083 1122 1121 cum
1144 1066 1335 1133 Kirchhoffio,

211 1159 388 1226 Hermanno,
401 1157 587 1226 Schmidtio¹l
600 1157 805 1226 mahanaim)
820 1174 930 1210 versum
949 1157 1051 1210 metiar
1070 1161 1099 1210 et
1118 1155 1336 1211 antecedentem

211 1264 324 1301 versum
347 1246 414 1302 inde
438 1247 475 1302 ab
494 1239 585 1317 ἔβαλλ’
605 1263 694 1317 usque
719 1245 755 1300 ad
774 1242 906 1315 θυτήριον
929 1246 1073 1315 pertinere
1096 1245 1280 1314 crediderim,
1303 1251 1337 1299 ut

211 1341 315 1406 poetae
338 1336 485 1407 ingenium
508 1341 701 1390 conservetur.
737 1334 875 1389 Feliciter
899 1335 975 1388 enim
997 1333 1158 1403 Aeschylus
1181 1351 1232 1404 per
1254 1331 1338 1398 τονάς

212 1440 287 1494 quae
306 1423 359 1478 suh
378 1423 465 1477 finem
483 1424 706 1494 uniuscuiusque
726 1440 823 1477 versus
845 1421 913 1477 inde
933 1439 950 1476 a
969 1421 1094 1477 secundo
1113 1439 1197 1476 versu
1214 1440 1337 1493 sequun-

212 1519 269 1582 tur,
289 1513 428 1583 virginem
441 1513 644 1584 deprecantem
662 1519 692 1567 et
710 1530 748 1567 ex
760 1512 850 1566 oculis
868 1511 928 1566 tela
946 1509 1156 1566 misericordiae
1174 1513 1336 1566 mittentem

212 1601 352 1673 depinxit.
390 1600 570 1673 Quicumque
589 1602 641 1656 hos
660 1608 719 1656 tres
737 1619 835 1656 versus
853 1606 967 1656 attento
986 1601 1081 1655 animo
1101 1601 1276 1655 recitaverit:

320 1686 424 1760 κρόκου
441 1684 534 1760 βαφὰς
552 1684 576 1744 δ’
595 1685 624 1754 ές
642 1689 728 1744 πέδον
747 1689 850 1758 χέουσα
868 1715 886 1743 υ
898 1736 916 1744 -
929 1716 947 1743 ο
960 1722 995 1743 ι.
1008 1735 1026 1744 -
1037 1715 1056 1742 υ
1068 1735 1086 1745 .
1097 1715 1116 1742 υ
1128 1712 1162 1750 „g
1175 1707 1193 1742 a

321 1772 412 1850 ἔβαλλ’
432 1774 550 1834 ἕκαστον
567 1775 699 1850 θυτήριον
868 1805 886 1832 ο
898 1825 916 1833 -
927 1805 946 1833 υ
959 1812 994 1832 ι.
1006 1826 1025 1835 -
1035 1805 1055 1832 υ
1067 1803 1101 1840 μ-
1113 1824 1131 1833 -

285 1861 332 1921 ἀπ’
351 1860 477 1935 ὄμματος
493 1866 568 1938 βέλει
586 1868 720 1940 φιλοίκτῳ
866 1894 884 1920 υ
896 1893 1033 1923 -υ-υ-
1045 1894 1064 1921 υ
1076 1891 1110 1928 3,
1124 1912 1142 1921 -

212 1957 298 2028 plane
312 1957 369 2010 vim
387 1956 514 2026 rhythmi
534 1974 598 2011 eum
617 1957 722 2012 sentire
740 1963 862 2028 oportet.
895 1956 1002 2012 Contra
1015 1956 1143 2024 Weilius‚
1161 1955 1336 2023 Dindoriius,

212 2045 484 2115 Wilamowitzius³J,
502 2045 687 2115 Bernhardi⁴)
707 2063 804 2101 versus
822 2047 862 2100 sic
881 2045 1060 2100 describunt:
1080 2039 1119 2116 ἔβ.
1139 2079 1174 2086 -
1191 2044 1280 2116 βέλει)
1293 2064 1337 2113 φι-

213 2133 300 2188 λοίκτ.
314 2164 347 2172 -
362 2133 570 2204 προσεννέπειν,
589 2135 686 2205 itaque
700 2135 772 2189 duos
784 2139 966 2188 tetrametros
979 2139 1119 2200 statuunt,
1130 2134 1336 2189 Weckleinius:

214 2213 255 2292 έβ.
273 2255 308 2262 -
326 2219 398 2289 θυτὴ
411 2222 413 2292 )
426 2240 484 2292 ρων
497 2257 530 2262 -
548 2221 633 2293 βέλει,
650 2224 701 2278 ubi
720 2223 817 2277 versus
836 2223 897 2277 sine
916 2222 977 2276 ulla
996 2223 1154 2277 variatione
1173 2221 1337 2290 decurrunt,

215 2311 296 2380 quasi
315 2327 359 2364 res
377 2312 446 2364 trita
469 2319 614 2381 narretur,
638 2311 821 2382 quodetiam
845 2311 875 2365 in
893 2312 1039 2382 Engerum
1061 2311 1151 2380 cadit,
1175 2312 1225 2382 qui
1242 2312 1337 2366 versui

214 2400 346 2469 sequenti
365 2400 498 2472 φιλοίκτῳ
517 2400 630 2454 adiecit.

303 2510 339 2539 ω
357 2489 424 2545 238:
442 2491 544 2555 μαθεῖν
562 2484 711 2559 ἐπιρρέπει·
730 2483 764 2542 τὸ
781 2486 890 2555 μέλλον.

215 2666 279 2720 nius
297 2661 380 2720 τοῦτό
394 2660 420 2734 γ’
438 2667 573 2732 restituit,
593 2681 658 2719 cum
676 2683 774 2720 versus
793 2665 1018 2737 antistrophicus
1037 2672 1111 2720 esset
1129 2668 1199 2724 atas
1217 2669 1337 2737 προβου·

214 2750 313 2817 λόπαις
331 2745 452 2824 ἄφερτος
469 2745 545 2818 ἄτας.
582 2755 625 2808 Αο
644 2755 767 2825 primum
786 2760 886 2809 contra
909 2770 957 2808 eos
976 2753 1129 2809 dicendum
1152 2761 1209 2821 est,
1233 2756 1283 2825 qui
1302 2773 1338 2809 ex

214 2842 389 2913 pentapodia
401 2843 509 2897 tradita
521 2844 682 2898 trimetrum
694 2844 789 2898 facere
807 2843 987 2910 studuerunt,
1006 2849 1040 2898 ut
1052 2845 1178 2899 Hensius
1196 2843 1339 2914 (πάρεστιν

213 2928 300 2987 τοῦτό
318 2927 354 3002 γ’)
378 2940 407 2986 et
431 2933 625 2988 Weckleinius
648 2930 792 3003 (πάρεστιν
815 2926 840 2987 δ’
865 2925 933 3004 οὖν).
975 2934 1072 2988 Etiam
1095 2934 1337 3003 Heimsoethiusll

213 3021 350 3074 traditam
374 3038 536 3075 mensuram
559 3022 704 3093 vituperat
731 3028 761 3077 et
784 3039 896 3076 versum
925 3039 983 3076 nou
1010 3022 1204 3092 rhythmicum
1231 3029 1336 3077 censet.

213 3109 407 3166 Rossbachius
435 3111 557 3181 κολοιοί)
588 3117 617 3165 et
645 3111 849 3180 Schmidtius⁷j
880 3118 909 3166 et
936 3111 1103 3180 Christius⁸)
1134 3111 1337 3182 pentapodiam

213 3205 345 3267 tuentur,
368 3199 443 3267 iure,
467 3216 534 3254 nam
553 3216 672 3254 cavero
692 3199 774 3254 nobis
793 3199 901 3253 tradita
920 3205 975 3267 est,
999 3217 1056 3254 non
1080 3200 1221 3268 trimeter,
1245 3217 1337 3270 neque

213 3305 267 3342 nos
289 3286 385 3356 decet,
414 3305 511 3342 versus
540 3289 570 3342 in
598 3288 684 3341 aliam
712 3289 833 3342 formam
861 3287 1002 3358 redigere,
1031 3287 1085 3342 nisi
1113 3287 1337 3342 evidentissimas

213 3392 314 3430 causas
333 3377 459 3447 proferre
478 3377 657 3448 possumus.⁹)

307 3521 332 3589 1)
350 3519 467 3574 Kunstf.
486 3520 508 3587 l,
527 3535 592 3589 pag.
615 3519 674 3576 158.
693 3552 727 3559 -
747 3521 774 3590 ί)
792 3519 877 3573 Metr.
897 3536 962 3591 pag.
976 3520 1037 3574 266.
1057 3555 1091 3561 —
1110 3520 1138 3590 3)
1156 3519 1175 3573 l.
1195 3519 1213 3574 l.
1233 3537 1298 3591 pag.
1312 3521 1337 3576 6.

213 3599 279 3668 4)1.
299 3599 317 3653 l.
337 3615 402 3669 pag.
425 3601 464 3652 19.
489 3629 521 3638 -
546 3602 573 3668 5)
592 3598 738 3653 Wiederh.
757 3615 822 3669 pag.
842 3601 904 3654 346.
927 3631 961 3638 -
986 3602 1012 3668 6)
1031 3600 1116 3654 Matr.
1135 3616 1200 3671 pag.
1220 3600 1280 3654 268.
1303 3635 1337 3641 -

215 3681 242 3747 ’1)
261 3679 377 3734 Kunstf.
396 3680 420 3745 I,
442 3681 492 3734 160
510 3695 571 3750 sqq.
590 3711 625 3717 —
644 3678 671 3748 8)
690 3679 775 3734 Metr.
795 3681 858 3748 349,
877 3681 927 3750 qui
946 3685 1042 3733 autem
1061 3696 1126 3750 pag.
1139 3681 1191 3734 308
1205 3676 1338 3751 πάρεστιν

214 3766 245 3814 et
263 3755 425 3830 προβούλου
443 3767 508 3822 παῖς
526 3760 662 3831 praefert,
685 3761 803 3814 iteruin
825 3759 966 3829 „rhythm
987 3761 1165 3814 Continuitit
1185 3759 1211 3815 d.
1230 3761 1336 3831 griech.

214 3839 366 3910 Chorges.“
380 3865 416 3884 =
428 3839 503 3894 Abh.
517 3839 544 3895 d.
557 3839 637 3909 hayr.
651 3839 743 3893 Akad.
757 3840 840 3906 XIV,
854 3840 907 3908 III,
921 3857 986 3910 pag.
999 3838 1034 3892 48
1047 3838 1111 3892 adn.
1125 3840 1166 3892 11.
1180 3870 1214 3878 -
1234 3841 1261 3908 9)
1279 3840 1337 3892 Do-

214 3921 260 3974 leo
279 3924 384 3988 autem,
404 3919 481 3990 quod
500 3935 608 3986 causas,
628 3931 698 3990 quas
711 3918 904 3973 Rossbachius
924 3925 953 3973 et
971 3918 1148 3974 Schmidtius
1166 3934 1218 3990 pro
1237 3925 1337 3990 penta-

215 3999 302 4070 podia
321 4000 489 4068 attulerunt,
508 3999 585 4053 haud
599 3999 687 4053 firmis
705 3998 826 4070 pedibus
845 4000 931 4054 nixae
950 4015 1010 4053 esse
1029 3998 1170 4054 videntur.
1210 4000 1336 4070 Uterque

215 4080 424 4150 antistropham
442 4085 550 4134 tractat
569 4085 598 4135 et
617 4081 693 4134 hunc
713 4078 841 4134 ordinem
860 4080 974 4134 statuit:

323 4161 397 4213 trim.
416 4191 523 4199 —-
542 4163 558 4215 6
577 4162 612 4230 (v.
632 4161 695 4230 371)
804 4159 871 4215 dim.
889 4190 996 4197 —
1014 4161 1032 4214 4
1051 4161 1087 4230 (r.
1106 4159 1168 4227 377)

323 4237 459 4356 mn,
478 4235 558 4358 ”i
801 4230 869 4356 ll.
888 4234 1030 4357 “i
