3176 5060
694 265 915 323 -72,

283 476 285 482 .
334 436 541 492 Prometheus.

334 525 402 581 1282
425 523 511 593 μηδέν
534 527 670 596 φοβηθῇς.
695 525 772 592 φιλία
795 519 848 595 γάρ
872 511 920 591 ἥδε
942 520 1025 589 τάξις.
1067 525 1132 580 Non
1156 531 1200 580 est
1223 525 1372 580 diiambus

245 615 280 682 -)-
298 613 411 684 glycon.
435 614 600 680 acatalect,
628 621 661 668 ut
683 613 889 683 Rossbachio¹)
914 621 944 668 et
967 614 1172 684 Bernhardio²)
1198 616 1290 670 visum
1313 621 1371 670 est.

245 701 412 771 Christiana
431 719 542 757 versum
565 703 641 757 inter
659 695 847 770 άκεφαλαίους
865 703 977 772 στίχους
999 709 1142 770 numerat;
1166 709 1238 774 puto
1260 709 1369 769 autem,

246 807 311 844 cum
329 790 417 846 ionici
434 798 603 862 sequantur,
626 791 773 862 epitritum
792 791 948 862 praemissa
966 791 1097 846 anacrusi
1116 792 1206 862 magis
1225 809 1372 848 commen-

246 878 320 934 dari:

569 879 676 1020 ansoni
697 952 780 1022 epitr.
822 952 906 1007 ionic.
920 951 1059 1006 anaclom.

248 1040 296 1109 qui
309 1055 406 1094 versus
424 1038 568 1093 interdum
587 1056 652 1094 cum
671 1040 771 1094 ionicis
790 1039 960 1094 coniunctus
972 1038 1087 1094 obviam
1104 1039 1138 1094 fit
1155 1047 1184 1094 et
1202 1039 1239 1094 ad
1258 1041 1372 1094 ionicos

247 1133 398 1198 sequentes
416 1135 582 1198 praeparat,
605 1145 670 1184 cum
689 1127 808 1198 syllabis
826 1127 935 1182 ultimis
957 1129 1014 1182 iam
1038 1127 1196 1183 similitudo
1214 1129 1284 1182 satis
1303 1146 1370 1199 per·

247 1217 346 1287 spicua
364 1233 429 1272 cum
448 1218 541 1272 ionico
560 1218 695 1288 rhythmo
715 1218 852 1286 existati)
889 1216 970 1272 Idem
988 1216 1066 1272 cadit
1084 1218 1126 1270 in:

239 1353 243 1358 .
336 1307 404 1361 4012
424 1303 511 1360 στένω
530 1323 561 1360 σε
578 1311 628 1370 τάς
646 1301 800 1372 οὐλομένας
817 1301 908 1374 τύχας,
930 1305 1081 1376 Προμηθεῦ

714 1403 754 1428 ΚΛ]
852 1404 870 1428 υ
968 1403 986 1430 U

694 1379 697 1434 l
1151 1343 1188 1396 cl.
1218 1343 1371 1398 Heimsoe·

433 1405 451 1429 l)
492 1421 509 1430 .-
607 1422 625 1430 ...
661 1421 678 1429 -
781 1421 799 1429 -
896 1420 914 1429 -
1006 1421 1024 1428 -
1064 1421 1082 1430 .-

247 1448 374 1518 thiumll,
395 1449 444 1519 qui
462 1456 539 1503 recte
559 1439 710 1502 iambicam
729 1447 873 1518 dipodiam
887 1449 1032 1514 refutavit,
1052 1455 1082 1503 et
1101 1447 1136 1502 de
1149 1441 1272 1519 ἀναβολῇ
1288 1449 1371 1519 dicit,

249 1537 373 1606 „welche
393 1538 467 1592 auch
486 1538 515 1590 in
535 1537 616 1592 ihren
636 1537 740 1591 beiden
753 1537 963 1592 Schlusssilben
983 1536 1072 1592 schon
1086 1537 1142 1592 den
1155 1537 1373 1593 charakteristi-

247 1626 335 1680 schen
349 1626 446 1696 Klang
460 1624 511 1679 der
526 1624 629 1680 beiden
648 1626 796 1680 ionischen
811 1627 902 1681 Arsen
917 1625 1055 1681 enchalcr‘
1084 1625 1192 1680 Contra
1201 1625 1372 1696 Christiusl)

248 1733 360 1770 versum
379 1715 453 1769 inter
473 1707 659 1781 άκεφαλαίους
676 1714 797 1769 rettulit.

336 1807 547 1872 Agamemnon.

338 1895 454 1963 loaysae
478 1894 660 1947 Hermannus
679 1899 708 1946 et
728 1892 848 1946 Bothius
866 1893 964 1962 βιαίως
982 1894 1011 1946 in
1029 1894 1106 1963 βίαια
1125 1901 1317 1959 mutaverunt,
1336 1901 1372 1949 ut

249 2001 346 2038 vorsus
368 1983 444 2053 βίαια
468 1980 554 2049 σέλμα
573 1975 676 2049 σεμνὸν
696 1974 805 2048 ἡμένων
823 1982 916 2035 versui
940 1983 1147 2053 antistrophico
1170 1983 1372 2060 responderet:

249 2068 432 2143 metropolicae
449 2067 479 2125 ἐν
493 2066 612 2134 Αὐλίδος
630 2067 735 2134 τάττοις.
773 2071 931 2125 Trochaico
950 2071 1085 2140 rhythmo
1100 2078 1197 2126 autem
1216 2072 1263 2126 hic
1282 2073 1373 2126 maic-

250 2179 309 2216 rem
333 2161 534 2214 auctoritatem
557 2160 695 2228 tribuam,
723 2177 788 2214 nam
813 2160 906 2214 solent
929 2161 1031 2230 tragici
1054 2161 1214 2215 trochaicae
1237 2162 1374 2232 strophas

250 2252 309 2306 fere
328 2267 439 2320 semper
462 2250 608 2304 trochaico
627 2267 710 2304 versu
729 2249 841 2318 finirest)
879 2249 919 2302 ef.
941 2251 1003 2304 155:
1027 2244 1080 2320 χρὴ
1099 2253 1194 2322 βαλεῖν
1217 2246 1372 2319 έτητύμως.

250 2341 314 2395 948:
343 2329 418 2410 ὦρτο
440 2335 579 2410 ναυβάτας
602 2335 727 2410 στρατός.
758 2341 823 2393 972:
852 2342 946 2406 νῆστιν
969 2329 1073 2393 ὤλεσεν
1097 2336 1189 2394 νόσον.
1232 2339 1282 2394 Ch.
1304 2341 1371 2395 578:

250 2429 364 2500 αἰγίδων
377 2426 480 2500 φράσαι
498 2424 591 2484 κότον.
628 2429 710 2484 Eum.
731 2430 795 2483 907:
815 2421 934 2498 φαιδρὸν
946 2423 1025 2482 άλίου
1044 2427 1132 2492 σέλας.
1171 2429 1271 2500 Suppl.
1288 2429 1371 2483 1034:

250 2515 361 2588 εὐμενεῖ
371 2519 419 2591 βίᾳ
431 2518 534 2582 κτίσας.
571 2518 673 2574 Finem
691 2519 779 2588 igitur
797 2517 931 2588 strophae
951 2517 1027 2570 hunc
1046 2534 1106 2571 esse
1125 2524 1208 2588 puto:
1229 2513 1374 2584 δαιμόνων

250 2608 281 2664 δέ
293 2607 349 2662 που
361 2604 448 2678 χάρις·
458 2607 556 2678 βιαίως
567 2607 570 2679 )
583 2605 670 2674 σέλμα
684 2602 786 2674 σεμνὸν
797 2600 906 2674 ἡμένων
911 2627 922 2671 ;
936 2613 967 2660 ut
979 2606 1172 2660 Rossbachius
1180 2608 1200 2675 ⁸)
1214 2607 1373 2661 rectissime

251 2715 362 2752 versum
382 2699 433 2752 169
452 2697 626 2750 trochaicam
645 2695 848 2766 pentapodiam
867 2696 947 2750 exitu
966 2695 1120 2766 spondiaco
1139 2695 1308 2764 iudicavitl)

340 2787 426 2842 loos:
454 2784 631 2853 Christiusw)
663 2785 816 2854 tripodiam
847 2785 999 2839 iambicam
1020 2787 1055 2854 i
1074 2784 1238 2839 dochmium
1268 2785 1372 2840 statuit

251 2877 377 2932 scribens
390 2892 455 2929 cum
469 2873 630 2928 Dindorfio:
650 2871 691 2940 ἐή,
710 2881 808 2938 παπαῖ,
827 2882 933 2935 nauca·
951 2875 1064 2940 frustra,
1084 2891 1150 2928 nam
1163 2874 1270 2930 tradita
1282 2874 1372 2928 verba

251 2968 308 3018 iam
326 2966 388 3034 ipsa
407 2963 558 3017 dimetrum
578 2961 776 3016 dochmiacum
795 2956 810 3015 έ
827 2955 848 3028 έ,
867 2969 966 3027 παπαῖ,
985 2969 1079 3016 παπαῖ
1094 2963 1231 3017 efficiunt.

341 3054 426 3108 1416:
455 3045 511 3122 έρις
533 3046 680 3121 ἐρίδματος
707 3045 808 3122 ἀνδρὸς
836 3049 925 3118 οἰζύς,
954 3069 1027 3122 quae
1052 3052 1139 3106 verba
1166 3051 1372 3123 pentapodiam

244 3142 427 3198 trochaicam
455 3139 606 3194 exhibent:
632 3147 946 3206 συυιζ.-σ-ο-υ,
978 3158 1034 3195 non
1063 3141 1213 3209 iambicos,
1241 3147 1274 3195 ut
1297 3142 1371 3195 Her-

252 3249 373 3285 mannus
392 3230 492 3298 voluit,
512 3246 576 3283 cum
596 3229 747 3298 rhythmus
767 3229 942 3284 descendens
961 3231 1066 3298 primas
1085 3235 1181 3298 partes
1200 3236 1276 3300 agat.

301 3331 303 3335 ’
342 3319 544 3389 Ghoophoroe.

342 3410 376 3466 29
395 3423 460 3478 sqq:
479 3404 645 3478 πράστερνοι
665 3409 778 3475 στολμοί
797 3405 912 3461 πέπλων
930 3400 1092 3475 ἀγελάστοις

538 3501 691 3567 ξυμφοραῖς
708 3493 917 3565 πεπληγμένων.

288 3608 324 3638 ω
342 3588 377 3640 38
396 3604 460 3655 sqq:
480 3583 640 3652 μέμφεσθαι
658 3579 725 3648 τοὺς
743 3589 794 3654 γᾶς
812 3583 912 3655 νέρθεν
930 3579 1092 3656 περιδύμως

286 3745 295 3747 -
327 3743 459 3748 „--„
537 3681 596 3736 τοῖς
613 3674 747 3726 κτανοῦσί
764 3668 787 3726 τ’
807 3668 938 3741 ἐγκοτεῖν.

345 3784 369 3851 1)
389 3782 473 3836 Metr.
493 3798 550 3852 pag
578 3782 638 3834 692.
659 3812 691 3819 -
712 3781 738 3850 2)
758 3781 776 3834 l.
796 3780 813 3833 l.
834 3797 898 3850 pag.
920 3781 962 3833 13.
981 3811 1015 3819 -
1035 3781 1061 3848 3)
1080 3780 1164 3834 Metr.
1184 3796 1249 3850 pag.
1263 3780 1323 3834 508.
1339 3810 1373 3816 -

253 3866 280 3932 4)
300 3863 335 3917 cf.
356 3864 442 3932 Vesp.
463 3863 515 3915 273
534 3879 595 3932 sqq.
615 3895 650 3902 —
669 3861 695 3930 5)
715 3860 859 3914 Wiederh.
880 3877 945 3930 pag.
965 3861 1017 3914 359
1037 3878 1098 3930 sqq.
1123 3894 1158 3900 -
1178 3862 1209 3928 ·6)
1231 3860 1373 3930 „rhythrm

254 3944 435 3997 Continuitat
449 3943 476 3998 d.
494 3942 601 4012 griech.
614 3941 766 4011 Chorges.“
781 3966 812 3987 =
824 3940 969 3995 Abhandl.
983 3941 1010 3995 d.
1024 3940 1103 4010 hayr.
1117 3940 1209 3993 Akad.
1223 3941 1306 4009 XIV,
1319 3939 1373 4009 111,

146 4051 149 4059 ·
254 4041 319 4094 pag.
333 4025 374 4077 19.
389 4054 422 4061 -
444 4025 469 4091 7)
489 4022 524 4076 de
538 4039 594 4092 qua
613 4039 643 4076 re
656 4022 776 4076 Weilius
795 4023 825 4075 in
844 4021 911 4075 edit.
928 4021 996 4075 1858
1016 4027 1093 4074 recte
1107 4019 1189 4074 dicit:
1211 4025 1289 4089 „tota
1302 4025 1374 4074 stro-

255 4105 313 4174 pha
326 4121 340 4157 e
353 4103 522 4172 tetrapodiis
536 4109 565 4157 et
583 4101 753 4171 hexapodiis
767 4101 920 4155 trochaicis
939 4107 1053 4154 constat
1066 4107 1095 4155 et
1108 4100 1267 4154 clausulam
1285 4099 1375 4154 habet

254 4183 486 4252 tetrapcdicam.“
503 4217 537 4222 —
550 4183 576 4251 8)
590 4182 673 4236 Metr.
687 4199 752 4252 pag.
766 4183 825 4236 200.
841 4215 875 4222 -
889 4183 914 4250 9)
928 4182 1023 4235 nescio
1034 4197 1090 4250 quo
1099 4186 1185 4251 pacto
1198 4197 1262 4250 pag.
1274 4180 1324 4233 201
1337 4179 1374 4234 ab

255 4265 309 4317 hac
319 4263 462 4317 sententia
472 4263 621 4317 deflexerit
631 4268 660 4315 et
671 4262 707 4315 ad
717 4262 854 4316 iambicos
863 4262 1058 4331 transfugerit.
1075 4296 1109 4302 -
1125 4260 1169 4330 10)
1180 4260 1263 4313 Metr.
1275 4277 1301 4329 p.
1313 4261 1373 4316 443.
