3176 5060
629 299 846 356 ..67-

268 469 347 538 Sept.
368 469 420 552 621
440 490 476 520 ω
489 471 559 525 633.
599 470 706 540 Suppl.
730 471 783 524 543
806 492 841 520 cx>
864 471 915 524 551
941 471 988 540 (01.
1014 487 1078 540 pag.
1103 471 1146 540 32)

180 559 230 612 665
248 580 284 608 ω
302 559 366 614 6710
1088 564 1090 570 ’
1145 565 1149 574 ”

266 647 370 716 Suppl.
390 649 456 704 6660
480 649 622 718 προμαθὶς
640 642 831 716 εὐκοινόμητις
849 637 929 717 ὐρχύι.
963 647 1016 702 610
1035 647 1219 702 Hermannus
1244 666 1297 718 pro

179 733 347 806 προμαθεύς.
360 759 396 788 ω
408 738 476 792 6720
496 732 687 807 δαφνηφόροις
698 733 863 808 βουθύτοισι
875 742 974 803 τιμαῖς.
1005 737 1165 806 Reiterus²)
1183 742 1296 792 textum

180 825 316 879 traditum
334 823 557 897 (δαφνηφόροισι)
581 831 694 880 tantum
714 824 872 894 adamavit,
895 832 929 879 ut
948 843 984 880 ne
1003 827 1051 883 hic
1070 826 1185 898 quidem
1204 826 1297 882 divor·

179 916 249 968 tium
269 932 334 969 cum
352 922 435 970 textu
454 915 563 976 feccrit.
583 915 633 968 ubi
652 915 774 968 mutatio
793 915 853 969 fere
872 915 953 968 nulla
972 917 1070 985 evasit,
1090 933 1154 970 cum
1173 947 1207 955 ——
1226 933 1298 970 οιοιν

179 1013 254 1058 et-
267 1022 309 1067 οις
321 1005 350 1058 in
363 1004 510 1059 codicibus
528 1004 692 1074 saepissime
705 1003 926 1058 confundantur.
947 1036 981 1043 —
1001 1005 1105 1075 Snppi.
1121 1005 1173 1059 666
1185 1027 1221 1056 ω
1234 1006 1297 1062 675.

1154 513 1161 539 ,
1190 471 1296 540 Suppl.

212 1157 248 1209 D.
271 1173 403 1224 versus,
423 1156 549 1226 quibus
567 1156 630 1210 alii
649 1155 756 1226 pedes
775 1156 947 1225 simulque
966 1153 1045 1223 τονὴ
1065 1123 1262 1212 baburrunt.

573 1266 599 1332 0)
618 1263 761 1332 spondeus
780 1268 809 1316 et
827 1260 901 1316 τονύ.

410 1373 437 1439 α)
454 1387 568 1440 syncope
586 1372 611 1423 3.
627 1370 706 1438 0060;
724 1384 1065 1423 ῡ-υ...-0-ο.ω.ν,

265 1477 350 1546 Sept.
369 1479 421 1531 616
439 1499 475 1530 ω
494 1477 556 1532 631.

408 1606 437 1672 ss)
455 1620 568 1673 80116000
587 1605 611 1656 6.
627 1603 707 1671 pede:
725 1597 1065 1655 maamad,

264 1709 369 1766 Pron.
389 1711 451 1766 561.
488 1711 590 1765 Pron.
610 1710 672 1764 564.
1098 1705 1099 1710 “

375 1839 576 1906 6001000003.
597 1837 1096 1904 015.006οῡ-υμ.·-υι,,0,,

265 1945 354 1999 Pers.
374 1945 441 1999 2570
460 1945 507 1996 καὶ
525 1938 589 1997 δάϊ’·
608 1940 668 1996 αἰαῖ
684 1943 831 2010 διαίνεσθε,
845 1942 924 2012 Περ,
943 1941 978 1995 60
993 1941 1074 1994 cuius
1087 1956 1184 1994 versus
1202 1940 1299 1995 indole

176 2035 229 2086 iam
248 2049 320 2104 pag.
339 2033 372 2086 27
392 2032 480 2086 verba
499 2033 625 2086 fecimus.
644 2054 680 2083 ω
698 2033 766 2086 2620
786 2027 855 2084 αἰών
873 2026 982 2098 ἐφάνθη
1000 2036 1129 2099 γεραιοῖς,
1149 2024 1221 2083 ἀκού
1242 2061 1274 2069 -—

262 2123 370 2178 Proin.
390 2122 457 2178 6870
477 2114 620 2176 οὐπώποτ’
640 2113 783 2180 οὐπώποτ’
803 2112 906 2188 ηὐχουν
923 2117 1025 2184 ξένους.
1063 2118 1110 2173 Sic
1129 2125 1207 2173 recte
1226 2120 1300 2173 Her·
1378 2161 1382 2168 .

177 2229 301 2267 mannus
320 2228 356 2265 ex
374 2210 497 2265 Medicei
516 2204 613 2265 οὔποτ’
633 2200 732 2264 ούποτ’
752 2210 892 2278 restituit,
915 2224 982 2262 nam
1006 2213 1084 2262 totus
1107 2208 1187 2263 locus
1210 2209 1300 2278 magis

177 2319 211 2356 ex
229 2300 364 2356 iambicis
383 2306 412 2354 et
432 2300 605 2354 dochmiacis
629 2299 801 2368 compositus
825 2304 880 2363 est,
905 2315 989 2368 quam
1014 2315 1050 2351 ex
1074 2298 1215 2367 rhythmis
1239 2297 1300 2351 des-

177 2389 375 2445 condentibus.

399 2506 424 2572 δ)
442 2522 555 2574 syncope
573 2507 598 2557 3.
619 2506 643 2556 6.
659 2503 728 2572 0060
747 2518 1077 2554 pampas-a.

268 2612 375 2681 Suppl.
395 2612 462 2666 5230
486 2612 608 2676 λειμῶνα
628 2603 765 2678 βούχιλον,
785 2600 867 2660 ἔνθεν
885 2601 927 2659 Ἰώ
947 2629 982 2656 ω
1001 2607 1067 2661 5320
1091 2609 1163 2679 περᾷ
1182 2604 1212 2659 δέ
1235 2603 1301 2659 Τεύ·

178 2705 302 2773 6ραντος
314 2690 383 2754 ὐστυ
396 2701 510 2767 Μυσῶν,
525 2698 575 2752 ubi
587 2697 829 2765 Heimsoethius²)
848 2695 1039 2765 responsionis
1052 2701 1203 2750 accuratae
1217 2712 1302 2749 causa

179 2791 341 2862 proposuit:
361 2791 465 2860 πει’ρει,·
487 2795 563 2843 recte
583 2793 678 2842 autem
697 2786 854 2856 Engerus³)
874 2791 902 2840 et
921 2783 1087 2854 Kruseius⁴)

230 2882 355 2946 λειμῶνα
371 2880 375 2946 Ι
392 2924 408 2933 -
421 2924 438 2932 -
451 2904 469 2930 υ
488 2876 655 2931 defendunt.

178 2993 212 3021 ω
285 2959 375 3041 ahod-tl
391 2993 410 3019 υ
421 3013 438 3020 -

270 3059 376 3127 Suppl.
396 3057 463 3110 5740
475 3053 596 3119 τέκτων,
614 3048 647 3107 τὸ
660 3056 717 3107 πᾶν
733 3056 825 3123 μῆχαρ
838 3042 934 3121 ούριος
947 3047 1017 3114 Ζεύς
1035 3072 1071 3102 ω
1090 3050 1157 3105 5760
1177 3054 1301 3103 σπεῦσαι·

179 3150 205 3202 τί
222 3140 308 3202 τῶνδ’
327 3139 362 3199 οὐ
380 3141 446 3208 Διὸς
464 3140 541 3214 φέρει
561 3141 650 3213 φρήν,·
668 3142 715 3196 Sic
735 3140 896 3196 Stcnzeiius
915 3157 966 3208 pro
986 3134 1105 3202 δούλιος,
1130 3155 1216 3208 quam
1235 3155 1300 3192 con-

179 3240 321 3293 iecturam
334 3233 554 3298 Rossbachius⁵)
574 3237 603 3286 et
616 3231 805 3286 Oberdickius
823 3229 947 3298 benigne
967 3232 1152 3297 exceperunt,
1172 3243 1245 3296 quae
1265 3226 1301 3279 ob

179 3327 209 3382 id
228 3324 419 3398 praeferenda
437 3322 559 3390 videtur,
578 3321 655 3391 quod
674 3319 833 3388 Aeschylus
852 3333 1066 3386 nonnumquam
1085 3315 1233 3386 stropham
1252 3332 1302 3384 per

180 3413 321 3472 eiusmodi
340 3412 594 3481 interrogationem
607 3408 739 3463 claudere
759 3406 860 3461 solitus
875 3407 949 3474 estu)
986 3404 1082 3458 Etiam
1094 3403 1303 3472 Bamhergerus

181 3506 216 3560 de
237 3502 462 3572 interrogatione
483 3500 659 3569 cogitavith:
680 3501 805 3551 σπεῦσαι·
825 3496 852 3548 τί
869 3499 927 3549 τῶν
945 3489 1056 3557 δούλιος
1074 3491 1151 3563 φέρει
1171 3491 1260 3562 φρὴν;

568 3625 597 3694 b)
616 3623 777 3691 tribrachys
796 3616 919 3676 01τονύ.

407 3738 434 3804 α)
453 3751 566 3805 00010000
585 3735 609 3787 6.
628 3733 691 3802 0060
709 3741 1080 3783 υ-0-υύυυ-υ.--.

273 3825 463 3880 Ptemithis
489 3813 622 3885 Ἄτλαν6’,
646 3808 676 3882 tc
700 3817 759 3872 αἰὲν
783 3813 924 3888 ύπέροχον
943 3814 1043 3878 σθένος
1066 3818 1132 3883 γᾶς,Ι
1154 3813 1189 3866 60
1213 3819 1303 3865 trans·

183 3915 325 3986 positione
344 3913 424 3967 verbi
443 3916 494 3982 γᾶς
512 3911 577 3965 vide
596 3910 632 3963 ad
652 3925 716 3979 pag.
735 3909 778 3960 44.

277 4058 375 4128 1)1.1.
396 4075 460 4127 pag.
483 4057 541 4110 155.
570 4087 604 4092 —
633 4055 659 4122 2)
680 4050 823 4106 Wiederh.
843 4065 908 4119 pag.
927 4047 988 4102 488.
1018 4079 1050 4084 —
1079 4047 1106 4115 3)
1131 4044 1181 4113 ,60
1201 4042 1304 4098 Aesch.

185 4139 297 4192 antistr.
321 4139 462 4207 respons.“
484 4153 547 4206 pag.
570 4137 610 4190 13.
640 4167 674 4173 —
703 4129 781 4201 4)11’
804 4129 929 4183 editione
949 4127 1076 4198 Supplic.
1100 4141 1165 4195 pag.
1192 4123 1250 4176 136.
1271 4155 1305 4162 -

186 4221 213 4287 5)
233 4219 315 4273 Metr.
335 4234 399 4288 pag.
420 4219 480 4272 276.
502 4247 533 4255 -
553 4215 580 4282 6)
600 4215 636 4268 cf.
656 4211 755 4283 Suppl.
770 4211 821 4264 766
841 4209 894 4278 Ag.
917 4209 998 4272 1449;
1019 4207 1054 4260 cf.
1074 4205 1161 4259 etiam
1181 4202 1230 4258 Ch.
1244 4202 1304 4267 397,

186 4299 237 4351 Ch.
257 4299 318 4353 621.
338 4329 371 4336 -
392 4300 417 4365 7)
437 4313 533 4367 opusc.
553 4294 632 4349 acad.
652 4309 717 4364 pag.
739 4292 797 4345 124.

1111 4373 1146 4426 5*
