3176 5060
665 336 798 395 -ro
847 368 905 416 -.

216 508 300 574 Metr.
319 525 385 579 pag.
405 507 454 562 781
468 506 558 572 dicit:
579 507 627 576 „in
645 506 701 562 den
719 505 869 561 Hiketides
887 505 951 560 sind
964 505 1124 562 Dochmien
1143 505 1197 558 mit
1215 503 1339 560 Jamben

217 596 298 650 nicht
316 596 503 667 gebraucht.“

590 683 621 754 b)
643 683 824 738 dochmius
843 683 965 738 anteit.

306 774 359 832 (lh.
378 775 449 832 1582
468 767 502 828 ht
521 774 562 839 τίς
580 774 685 843 δορυοΙ
702 765 787 839 δενὴς
805 767 883 844 ἀνήρ.
920 773 968 828 Sic
987 788 1100 826 versum
1118 771 1220 842 legunt
1239 770 1340 825 Weck-

216 862 321 918 leinius
345 863 384 932 (in
409 861 533 932 Orestia)
555 860 752 915 Kirchhoffius
776 860 882 931 aliique
906 860 978 914 illud
1002 861 1125 916 alterum
1147 858 1214 931 βέλη
1231 859 1269 914 V.
1290 859 1340 914 155

217 969 283 1007 cum
301 951 497 1006 Heimsoethio
515 950 655 1018 delentes,
673 955 706 1003 ut
718 967 816 1004 versus
834 949 947 1020 legibus
965 950 1091 1006 metricis
1110 949 1341 1019 obtemperantes

217 1041 278 1096 sine
297 1040 358 1095 ulls
376 1039 550 1094 difficultate
569 1045 695 1094 currant.
712 1039 763 1094 152
781 1039 907 1110 tripodis
925 1039 1048 1094 iambica
1067 1039 1175 1093 soluta:
1195 1033 1279 1093 δτοτο
1297 1055 1342 1090 ro:

217 1147 283 1185 τοτα
299 1135 383 1194 τοτοῖ,
403 1135 465 1183 tum
477 1128 626 1183 dochmius
635 1129 670 1198 -Ι-
680 1127 822 1182 diiambus
834 1153 972 1183 .....
988 1131 992 1196 Ι
1007 1153 1123 1196 υυυυυ
1141 1133 1205 1182 tum
1217 1125 1341 1181 dochmii

218 1234 308 1288 usque
333 1216 369 1270 ad
393 1216 480 1271 finem
502 1222 674 1288 sequuntur:
698 1209 837 1286 ἀναλυτὴρ
860 1212 957 1283 δόμων
972 1216 977 1288 Ι
994 1213 1123 1270 Σκυθικά
1148 1209 1172 1268 τ’
1194 1209 1225 1268 ἐν
1247 1222 1343 1286 χεροῖν

234 1307 238 1376 Ι
254 1298 396 1359 παλίντον’
421 1300 452 1358 ἐν
479 1297 552 1378 ἔργῳ
569 1307 573 1374 Ι
589 1300 744 1359 ’πιπάλλανν
767 1293 844 1375 Ἄρης
860 1307 864 1374 Ι
881 1301 977 1372 σχέδιά
1004 1298 1140 1358 ῖάὐτόκω
1157 1305 1160 1373 Ι
1177 1292 1217 1357 πα
1240 1307 1343 1370 νωμῶν

218 1392 292 1464 βέλη,
334 1394 425 1448 Plane
450 1393 611 1464 respuenda
633 1399 677 1448 est
700 1393 859 1464 responsis,
888 1409 973 1463 quam
995 1394 1191 1458 Hermannus,
1219 1396 1252 1446 ut
1279 1391 1343 1446 sliis

218 1483 298 1552 locis,
317 1483 365 1537 hic
384 1482 526 1538 detexisse
546 1482 601 1537 sibi
613 1483 690 1536 visus
709 1487 760 1548 est,
780 1499 845 1536 nam
864 1483 920 1536 nisi
939 1500 989 1553 per
1008 1483 1066 1536 vim
1084 1482 1203 1553 stropha
1222 1485 1251 1536 et
1270 1481 1343 1535 anti-

220 1572 338 1642 stropha
361 1571 437 1626 esfici
465 1589 524 1626 non
552 1578 679 1642 possunt.
721 1572 875 1626 Praeterea
902 1571 981 1626 haud
1009 1587 1111 1642 sequar
1140 1577 1236 1641 partes
1259 1570 1343 1624 Ross-

220 1660 351 1728 bachii¹),
372 1661 421 1730 qui
434 1676 531 1716 versus
549 1661 589 1714 sic
608 1659 767 1714 distribuit:
787 1655 855 1714 ὅτοτ
865 1700 959 1715 ......
976 1654 1010 1714 ld
1026 1660 1101 1724 τίς..
1114 1701 1119 1712 .
1132 1652 1202 1731 ἀνὴρ
1219 1662 1342 1727 (tetram.

220 1747 308 1803 iamb.
328 1750 416 1820 sync.)
436 1755 497 1803 tum
517 1743 593 1803 ἄναλ.
615 1751 677 1816 δομ,
698 1750 749 1803 Σκ.
769 1741 825 1802 τ’ἐν
843 1766 901 1820 χερ.
922 1749 1072 1804 παλίντονα
1091 1748 1168 1819 (dim.
1183 1748 1296 1803 dochm.
1308 1751 1343 1818 -Ι-

221 1837 348 1908 diiamb.)
371 1843 433 1892 tum
452 1832 483 1891 ἐν
501 1830 575 1911 ἔργῳ
597 1835 663 1908 βέλη
682 1844 752 1906 etc,
775 1854 842 1892 nam
861 1838 957 1892 hiatus
977 1839 1128 1892 παλίντονα
1146 1832 1186 1903 ἐν,
1209 1839 1263 1892 etsi
1286 1854 1343 1892 non

220 1926 307 1997 plane
325 1932 426 1980 contra
439 1942 520 1980 usum
534 1927 613 1995 facit,
632 1932 729 1981 tamen
749 1925 882 1980 vitandus
901 1932 952 1992 est,
973 1926 1067 1997 quoad
1086 1927 1147 1981 eius
1159 1926 1222 1980 ficri
1240 1931 1344 1997 potest,

221 2032 286 2069 cum
305 2014 383 2068 haud
402 2015 518 2086 elegans
540 2015 672 2070 videatur
691 2021 720 2069 et
738 2015 880 2069 rarissime
899 2021 1043 2082 occurrat;
1062 2015 1200 2086 imprimis
1219 2014 1276 2084 hic,
1295 2015 1345 2070 ubi

221 2103 323 2158 ultima
342 2103 454 2173 syllaba
472 2120 523 2175 per
541 2103 630 2158 ictum
650 2104 736 2158 altius
755 2104 881 2170 effertur,
900 2104 996 2158 hiatus
1015 2104 1106 2175 magis
1125 2104 1162 2158 ad
1181 2121 1264 2158 aures
1282 2121 1345 2176 per-

221 2193 309 2259 venit,
329 2209 414 2262 quam
433 2193 457 2246 si
475 2192 578 2246 ultima
596 2192 709 2262 syllaba
727 2193 788 2247 ictu
807 2198 925 2248 careret.

313 2282 398 2335 Eunt.
424 2281 491 2336 1562
523 2273 627 2350 ἔτυψεν
656 2281 735 2334 δίκαν
751 2283 755 2350 Ι
772 2277 948 2352 διφρηλάτου.
995 2281 1188 2352 Dindorfius2)
1216 2281 1345 2335 iambicis

224 2369 291 2424 solis
309 2369 404 2424 locum
419 2369 530 2438 tribuit,
549 2369 598 2424 sed
617 2370 647 2423 in
666 2370 721 2424 hoc
734 2371 868 2439 carmine,
887 2371 964 2441 quod
984 2389 1021 2426 ex
1038 2371 1177 2425 dochmiis
1197 2376 1226 2426 et
1244 2370 1346 2424 iambis

224 2460 412 2530 compositum
436 2465 491 2524 est,
516 2464 642 2513 nostram
666 2475 827 2514 mensuram
850 2461 980 2531 accipere
1004 2460 1172 2531 praestabit.
1210 2460 1285 2514 Mira
1303 2476 1347 2514 ra·

224 2549 303 2602 tione
327 2548 364 2601 H.
389 2548 591 2618 Schmidtius³)
619 2549 696 2603 huno
719 2555 832 2604 ver'sum
857 2557 1023 2621 ceterosque
1047 2549 1209 2620 descripsit,
1238 2549 1288 2620 qui
1310 2548 1347 2602 ad

224 2636 301 2690 hunc
315 2653 427 2690 versum
445 2638 515 2693 haec
534 2640 667 2709 apposuit
686 2640 779 2710 signa:
799 2666 817 2692 υ
829 2684 846 2693 -
859 2656 877 2692 o
893 2644 897 2706 Ι
913 2656 931 2692 o
947 2643 951 2709 Ι
966 2685 984 2694 -
996 2665 1014 2692 υ
1025 2685 1043 2694 -
1056 2643 1087 2709 Il,
1106 2639 1142 2694 de
1161 2655 1218 2709 qua
1235 2639 1346 2692 ratione

223 2742 282 2779 non
297 2724 387 2778 fusius
401 2724 545 2793 disseram,
565 2743 630 2779 cum
650 2729 842 2797 unusquisque
855 2727 961 2796 videat,
980 2729 1016 2783 de
1035 2728 1177 2804 baccheis,
1197 2727 1347 2797 trochaeis,

224 2812 382 2884 paeonibus
400 2813 448 2867 hic
466 2813 582 2867 minime
601 2815 786 2884 cogitandum
805 2832 873 2869 esse.
893 2838 929 2867 ω
948 2818 1001 2871 163
1018 2821 1187 2888 κρατοῦντες
1205 2811 1238 2870 τὸ
1255 2821 1312 2870 πᾶν
1328 2819 1332 2884 Ι

225 2902 303 2965 δίκας
321 2899 393 2973 πέρα
398 2922 409 2967 ;
427 2903 467 2957 sic
486 2903 732 2974 Heimsoethius⁴),
752 2904 796 2958 M:
816 2901 910 2958 πλέον.

443 3056 480 3110 Β.
503 3053 650 3110 Diiambi
673 3055 847 3112 coniuncti
871 3071 949 3111 cum
972 3056 1127 3124 dactylis.

315 3141 426 3195 Horum
449 3159 582 3197 versuum
605 3143 738 3209 formam,
768 3144 873 3214 quippe
897 3160 970 3214 quae
993 3146 1116 3199 maxime
1141 3144 1177 3198 ad
1200 3145 1348 3216 ingenium
1452 3161 1457 3170 ·

225 3229 477 3300 artisAeschyleae
487 3236 607 3302 spectet,
617 3231 769 3302 Euripides
779 3232 809 3285 in
819 3233 895 3286 ranis
905 3231 1106 3302 Aristophanis
1116 3233 1192 3303 (inde
1203 3233 1347 3302 av.1264)

226 3318 345 3376 deludit.
382 3320 455 3375 Fere
474 3337 572 3375 omnes
590 3338 688 3376 versus
707 3338 745 3376 ex
762 3319 868 3375 fabulis
887 3321 1044 3392 deperditis
1063 3322 1170 3393 sumpti
1188 3327 1264 3377 sunt.

316 3423 353 3463 ex
366 3409 605 3477 Myrmidonibus
619 3410 712 3480 (frgm.
729 3411 779 3464 132
793 3410 869 3481 apud
882 3409 1055 3480 Nauckium)
1067 3436 1103 3457 =
1116 3410 1165 3466 Ar.
1178 3410 1251 3464 Ran.
1267 3411 1348 3465 1264:

230 3488 336 3548 Φθιῶτ’
355 3490 441 3564 Ἀχιλλ
459 3497 462 3565 Ι
478 3500 510 3550 ai>
528 3497 555 3549 τί
572 3491 636 3550 ποτ’
655 3490 855 3568 οἷνδροδὰϊκτον
873 3491 993 3554 ἀκούων.

298 3599 335 3640 ex
358 3585 490 3656 Telepho
511 3585 615 3656 (Frgm.
636 3585 711 3656 238):
736 3582 842 3640 κύδιστ’
861 3580 933 3654 Ἀχαι
951 3589 954 3658 Ι
971 3591 1012 3641 ῶν
1029 3584 1142 3657 Ἀτρέως
1164 3581 1348 3654 πολυκοίρανε

226 3670 352 3741 μάνθανέ
370 3691 434 3740 μου,
455 3679 510 3728 παῖ
526 3699 557 3720 =
578 3675 626 3728 Ar.
645 3674 717 3728 Ran.
740 3675 816 3728 1270.

315 3763 391 3817 Rau.
416 3763 501 3817 12912
529 3769 623 3834 κυρεῖν
646 3778 722 3833 παρα
737 3763 741 3830 Ι
758 3754 832 3831 σχών
855 3758 965 3827 ἰταμαῖς
991 3761 1070 3814 κυσὶν
1093 3757 1282 3830 ἀεροφοίτοις,
1312 3757 1347 3813 de

227 3851 307 3905 cuius
325 3867 423 3905 versus
442 3851 552 3921 origine
570 3851 643 3906 nihil
663 3851 734 3905 certi
753 3850 852 3920 liquet.

315 3942 370 4008 hg·
389 3941 457 3997 1082
481 3926 558 4004 ὅπως
576 3934 648 4009 Ἀχαι
664 3942 668 4009 Ι
685 3941 726 3993 ῶν
744 3939 876 4010 δίθρονον
893 3935 996 4010 κράτος
1012 3931 1139 4002 Ἑλλάδος
1157 3923 1240 4008 ἥβας,
1263 3953 1348 4007 quem

226 4045 339 4084 versum
370 4028 562 4099 Dindorfius⁶)
598 4029 851 4100 penthemimerem
883 4027 1036 4082 iambicam
1068 4026 1252 4081 coniunctam
1284 4043 1347 4081 cum

226 4118 406 4188 paroemiaco
439 4124 536 4189 putat:
569 4134 707 4172 o-o-o
723 4118 725 4187 Ι
743 4142 1029 4172 υυ-υυ-υυ--
1060 4117 1228 4186 confertque
1261 4116 1348 4188 Soph.

318 4260 343 4331 1)
361 4259 445 4314 Metr.
465 4276 530 4330 pag.
551 4259 611 4314 raa.
630 4290 665 4298 -
689 4260 716 4330 2)
735 4260 819 4315 Metr.
838 4239 905 4330 pag.
924 4259 966 4314 53.
986 4293 1021 4300 -
1050 4260 1075 4329 ε)
1094 4259 1211 4314 Kunsu.
1231 4260 1259 4329 1,
1282 4277 1347 4331 pag.

227 4339 287 4392 249.
307 4369 342 4376 -—
360 4340 388 4410 4)
407 4339 611 4394 Wiederherst.
630 4355 695 4410 pag.
717 4340 776 4395 103.
795 4373 830 4380 -
849 4342 876 4410 5)
896 4339 980 4394 Metr.
999 4355 1065 4410 pag.
1086 4340 1127 4394 33.
