3176 5060
709 305 929 363 *28-

347 480 403 545 Ag.
423 478 491 533 4852
511 473 678 546 ταχύπορος,
697 468 766 528 ἀλλὰ
785 473 951 546 ταχύμορον,
983 475 1027 530 De
1040 473 1252 528 Wilamowitzii
1271 473 1382 528 ratione

258 567 315 620 iam
334 583 399 636 pag.
419 566 452 619 21
473 565 509 620 ad
529 567 582 636 Ag.
602 565 653 619 461
674 563 806 618 diximus.
844 563 970 618 Maxime
995 568 1091 618 autem
1115 562 1382 616 commemoratione

257 655 346 725 digna
365 661 408 709 est
427 655 501 708 ratio
521 655 559 707 H.
573 653 760 720 schmiduiu,
779 669 865 723 quam
884 653 913 705 in
932 651 1061 706 versibus
1080 650 1285 705 distribuendis
1303 668 1383 705 usur-

258 744 346 814 pavit.
390 743 487 814 Legit:
513 739 635 810 δθῆλας
656 743 746 812 θροῦς
775 737 935 809 ἐπινέμεται
961 759 1023 808 ταχ.
1052 734 1121 792 ἀλλὰ
1148 757 1208 808 ταχ.
1237 758 1297 809 χον.
1324 741 1383 794 κτλ.

258 834 340 887 Haec
359 833 433 886 ratio
452 848 541 904 prava
559 832 686 886 nascitur
705 849 741 886 ex
760 833 944 886 metricorum
963 828 1142 900 quorundam
1155 830 1312 883 sententia:
1331 847 1382 900 pro

254 923 405 976 trochaico
434 939 517 975 versu
544 921 699 975 iambicum
727 921 863 974 substitui
894 937 990 990 posse,
1022 925 1052 974 et
1078 919 1140 973 vice
1169 936 1263 986 versa,
1295 935 1383 988 quare

259 1016 412 1081 utrumque
434 1028 525 1080 genus
543 1011 691 1078 miscetur,
715 1009 791 1080 quod
815 1010 891 1063 inter
910 1026 939 1064 se
959 1009 1075 1062 minime
1099 1008 1246 1076 cohaeret,
1270 1012 1303 1060 ut
1325 1008 1383 1062 iam

259 1117 343 1170 pagg.
357 1101 404 1170 516
423 1099 612 1153 disseruimus.
650 1099 736 1152 Falsa
754 1104 798 1153 est
817 1099 962 1152 anacrusis
980 1097 1039 1165 illa,
1059 1114 1132 1167 quac
1153 1096 1294 1151 interdum
1315 1102 1383 1150 ante

259 1188 419 1243 trochaicos
450 1188 544 1242 locum
572 1187 710 1241 obtinuit:
734 1193 974 1255 o:-o-oete.,
1005 1203 1071 1240 nam
1098 1186 1215 1240 iambici
1243 1191 1322 1252 sunt,
1351 1191 1383 1238 ut

259 1277 423 1332 testimonia
442 1276 559 1344 docent,
584 1279 690 1347 quippe
710 1262 796 1347 qui'a
814 1277 872 1330 levi
891 1275 1004 1345 syllaba
1022 1275 1171 1346 incipiant.
1192 1307 1225 1314 —
1249 1274 1383 1328 Ceterum

259 1372 357 1420 nostra
385 1366 576 1436 descriptione
604 1367 764 1424 sententiae
798 1371 901 1446 poetae
934 1365 1121 1432 succurritur,
1156 1381 1213 1435 qua
1245 1364 1384 1418 tribrachi

259 1455 438 1510 celeritatem
466 1457 631 1526 exprimunt
659 1461 688 1510 et
712 1455 799 1510 verba
828 1455 933 1508 similia
957 1459 1034 1510 certe
1059 1455 1094 1509 de
1122 1453 1264 1508 industria
1292 1454 1384 1507 electa

259 1546 366 1615 optime
386 1563 415 1600 se
433 1545 575 1613 habenti)

349 1637 403 1701 ng.
422 1635 509 1690 13612
531 1632 722 1705 χθονοτρεφὲς
745 1629 847 1688 ἐδανὸν
871 1624 887 1702 ἢ
910 1631 1007 1689 ποτόν.
1049 1633 1095 1688 Sic
1119 1650 1184 1688 cum
1207 1633 1383 1697 Hermann0,

253 1724 438 1798 uWeckleinio
458 1724 577 1794 aliisque
597 1741 648 1778 nec
668 1742 726 1778 non
746 1741 811 1778 cum
825 1725 980 1793 Pickeliol)
1000 1741 1098 1779 versus
1116 1722 1313 1778 informandus
1331 1728 1383 1790 est,

260 1814 374 1881 melius,
400 1831 485 1884 quam
508 1820 541 1868 ut
563 1813 630 1868 inde
654 1831 671 1868 a
694 1814 721 1867 τί
743 1810 835 1867 κακόν
857 1832 947 1884 usque
971 1814 1008 1867 ad
1031 1809 1132 1869 ἐδανόν
1155 1813 1319 1867 dochmium
1342 1812 1384 1866 di·

260 1909 382 1957 metrum
405 1909 578 1973 statuamus,
601 1920 635 1957 ac
653 1910 715 1956 tum
735 1893 752 1953 ί
772 1901 861 1957 ποτόν
879 1909 930 1956 aut
954 1904 1092 1958 creticum
1110 1903 1247 1957 ducamus
1266 1908 1317 1956 aut
1336 1919 1384 1956 ex-

260 1993 454 2062 pungamush,
474 2011 541 2046 nam
552 1993 648 2047 ·verba
667 1993 827 2062 suspicione
847 1993 977 2062 carentl)
995 2015 1031 2044 ω
1050 1994 1131 2049 1381).

351 2083 404 2141 Oh.
428 2083 462 2136 28
482 2105 518 2133 cx>
536 2084 580 2137 37.
624 2085 676 2140 ch.
701 2083 768 2138 1482
801 2075 873 2153 πρὸς
902 2075 990 2153 ἔρυμα
1018 2078 1083 2136 τόδε
1110 2085 1206 2136 κακῶν
1224 2084 1332 2136 κεδνῶν
1350 2077 1382 2136 τ’.

260 2171 394 2240 Plerique
410 2171 542 2225 dochmio
555 2172 602 2226 hic
616 2189 729 2242 quoque
743 2173 818 2225 viam
832 2172 996 2242 patefacere
1009 2172 1190 2238 studuerunt,
1209 2177 1242 2225 ut
1254 2172 1384 2239 Wcilius‚

260 2260 464 2328 Weckleinius,
488 2261 538 2314 sed
557 2260 637 2315 nullo
656 2263 726 2330 iure,
752 2278 819 2314 nam
838 2261 978 2331 exemplis
997 2262 1095 2314 multis
1114 2261 1266 2316 didicimus
1284 2261 1385 2315 iambi-

260 2366 308 2403 cos
326 2349 402 2403 inter
421 2349 567 2404 dochmios
586 2350 751 2416 immisceri,
776 2351 863 2404 etiam
883 2350 1067 2419 tetrapodias,
1091 2350 1237 2421 imprimis,
1262 2350 1384 2420 quaein

260 2438 421 2492 tribrachos
451 2438 562 2492 solutae
593 2439 691 2509 sunt.“)
738 2439 834 2504 Quare
862 2439 950 2492 etiam
976 2439 1030 2494 ch.
1055 2440 1107 2493 1411
1130 2434 1294 2509 ἀπότροπον
1317 2428 1385 2507 ἄχος

260 2522 417 2596 ἀπεύχετον
436 2527 556 2583 eandem
574 2545 736 2583 mensuram
756 2527 918 2596 adhibeam,
938 2544 1024 2598 quam
1043 2534 1157 2597 praeter
1172 2527 1384 2581 Kirehhoffium

261 2634 344 2670 nemo
362 2618 511 2687 amplexus
530 2624 581 2686 est,
601 2618 656 2672 nisi
675 2617 751 2688 quod
769 2618 963 2672 Rossbachius
972 2619 990 2687 r)
1010 2618 1138 2687 proxime
1158 2616 1194 2670 ad
1214 2617 1288 2670 hanc
1307 2634 1383 2671 men·

260 2723 355 2760 suram
374 2705 494 2774 accedit,
514 2707 563 2776 qui
581 2713 780 2761 tetrametrum
799 2706 949 2778 amplexus
968 2712 1018 2760 est.

351 2797 436 2851 Eum.
457 2797 524 2852 161:
543 2792 615 2868 βαρὺ
637 2791 670 2848 τό
689 2797 823 2868 περίβαρυ
841 2792 926 2866 κρύος
945 2788 1017 2864 ἐχειν
1035 2818 1070 2846 ω
1090 2797 1141 2850 168
1159 2789 1298 2866 βλοσυρὸν
1321 2791 1385 2866 ἀρό-

260 2903 346 2952 μενον
363 2874 431 2954 ίίγος
449 2877 529 2952 ἔχειν.
567 2885 611 2939 De
630 2886 692 2954 pari
712 2885 851 2955 strophiei
870 2891 900 2939 et
919 2885 1120 2955 antistrophici
1133 2903 1229 2940 versus
1249 2885 1329 2940 exitu
1348 2887 1383 2939 cf.

260 2973 417 3027 Christium
436 2975 465 3028 in
484 2975 567 3028 Metr.
589 2991 653 3044 pag.
674 2975 734 3031 643.

351 3064 437 3118 Eum.
456 3064 526 3119 381:
546 3053 620 3130 ἄτιμ’
634 3058 728 3117 ἀτίετα
746 3060 881 3130 διόμεναι,
899 3066 939 3118 sie
952 3064 1092 3119 Canterus
1106 3071 1136 3119 et
1148 3064 1314 3118 Dindorfius
1333 3082 1384 3134 pro

260 3146 366 3205 α’τίεται
385 3175 420 3202 ω
439 3153 506 3208 3892
527 3149 648 3206 δοθέντα
666 3150 762 3207 τέλεον
781 3146 827 3206 ἔπι
847 3150 877 3207 δέ
896 3172 951 3220 μοι.

352 3243 436 3311 Sept.
462 3243 528 3298 762:
560 3237 671 3312 ἐγένετο
701 3241 801 3310 μέλεος
831 3236 937 3296 ἀθλίων
955 3265 990 3294 ω
1010 3245 1076 3298 760:
1108 3239 1211 3311 ἐφῆκεν
1238 3233 1386 3307 ἐπικότους

264 3335 378 3402 τροφᾶς.
411 3331 573 3386 Secundum
586 3333 735 3400 rationem,
750 3349 767 3384 a
781 3349 837 3402 qua
850 3333 879 3386 in
892 3332 1124 3403 responsionibus
1137 3349 1269 3386 versuum
1282 3332 1385 3386 diiudi-

263 3421 361 3474 candis
381 3421 503 3492 profecti
522 3438 626 3486 sumus,
639 3439 665 3474 v.
680 3422 729 3474 761
744 3437 802 3474 non
815 3438 880 3474 cum
893 3421 1021 3475 Arnaldo
1035 3427 1064 3474 ct
1076 3421 1275 3475 Heimsoethio
1289 3414 1384 3491 ἔγεντο

261 3526 313 3579 pro
332 3507 443 3578 ἐγένετο
462 3510 616 3580 legendum
636 3510 709 3579 est.⁸)

353 3682 376 3748 1)
396 3681 515 3734 Kunstf.
534 3681 557 3749 Ι,
577 3697 642 3750 pag.
663 3681 720 3735 166.
751 3713 784 3740 -,-
813 3681 840 3750 2)
865 3687 942 3734 recte
961 3681 1168 3735 Weckleinius:
1198 3681 1385 3745 ,sarkastisch

261 3759 338 3814 istd.
353 3759 546 3830 Gleichlrlang
565 3755 770 3830 ταχύπορος-
789 3756 965 3833 ταχύμορος;
984 3759 1034 3814 der
1051 3760 1180 3815 schnelle
1200 3757 1288 3832 πόρος
1305 3761 1385 3814 fiihrt

260 3858 296 3893 zu
324 3839 472 3893 schnellen
503 3835 618 3912 μόρος,“
653 3846 682 3893 et
710 3839 957 3894 Schneidewinus:
994 3840 1099 3909 „bitter
1126 3840 1221 3910 lrlingt
1249 3839 1299 3894 der
1327 3841 1385 3893 An-

261 3919 374 3989 klang.“
396 3953 430 3958 —
449 3920 476 3988 3)
495 3919 513 3972 l.
533 3919 552 3972 1.
572 3936 637 3989 pag.
652 3920 711 3975 183.
732 3951 765 3958 —
784 3921 813 3989 4)
833 3925 865 3972 ut
878 3919 983 3974 Wcilio
1003 3918 1071 3973 edit.
1093 3919 1161 3973 1858
1176 3920 1267 3973 visum
1287 3925 1337 3974 est.
1352 3951 1386 3960 —

261 4001 288 4068 5)
308 3999 468 4053 reiciendas
498 4017 611 4070 quoque
639 3999 795 4054 Hermanni
824 3999 915 4064 (elem.
939 4017 1004 4070 pag.
1025 4000 1087 4068 280)
1116 4005 1145 4053 et
1169 3999 1290 4054 Seidleri
1313 3999 1342 4068 (1.
1366 3999 1385 4052 l.

260 4097 325 4150 pag.
341 4080 401 4150 154)
421 4097 568 4134 mensurae
581 4079 730 4146 videntur,
751 4081 800 4150 qui
820 4086 956 4150 quattuor
974 4080 1075 4133 breves
1094 4079 1220 4148 syllabas
1239 4079 1386 4134 dochmios

260 4160 391 4214 comitari
409 4160 570 4214 voluerunt.
590 4195 626 4200 —
649 4161 674 4229 6)
695 4161 730 4215 cf.
750 4161 805 4230 Ag.
827 4160 904 4226 1361,
928 4161 1010 4213 Eum.
1032 4161 1090 4214 161.
1111 4190 1145 4198 -
1170 4161 1196 4229 7)
1216 4160 1300 4215 Metr.
1320 4177 1384 4230 pag.

262 4240 321 4293 782.
342 4272 375 4280 -
398 4240 425 4309 8)
443 4239 478 4294 de
498 4241 710 4295 Wilamowitzii
729 4246 759 4294 et
778 4240 876 4295 Wcilii
895 4239 1135 4310 descriptionibus
1154 4240 1211 4294 iam
1231 4241 1267 4294 ad
1287 4259 1312 4294 v.
1334 4241 1383 4295 761

261 4322 335 4390 (pag.
357 4321 401 4390 17)
420 4319 551 4374 diximus.
