3176 5060
361 756 417 809 qun
436 740 641 810 compositione
660 740 755 794 omnin

397 827 471 883 hene
491 827 659 898 procedunt.

342 1199 377 1228 ω
395 1177 463 1232 999τ
481 1201 529 1231 υ.
547 1173 630 1247 γέρας
648 1171 775 1240 παλαιόν,
793 1169 854 1230 odd'
872 1169 990 1242 ἀτιμίας.
1027 1175 1175 1230 Lacunam
1193 1175 1377 1234 Hermanuns

253 1282 304 1335 per
328 1263 418 1332 μένει,
443 1265 677 1320 Wilamowitzins
686 1266 704 1334 ¹)
733 1281 783 1335 per
807 1260 941 1333 στυγνόν,
969 1263 1002 1318 0.
1027 1262 1231 1334 Ribbeckius¹i
1259 1281 1310 1335 per
1333 1261 1380 1320 dei

253 1355 467 1426 suppleverunt.

341 1445 427 1502 Eum.
446 1445 514 1500 544:
538 1437 643 1512 ἄγοντα
662 1437 751 1498 πολλὰ
770 1437 942 1513 παντόφυρτ’
961 1435 1028 1498 ἄνευ
1047 1443 1131 1510 δίκης.
1151 1466 1187 1494 ω
1206 1445 1274 1502 toas
1298 1439 1378 1507 όόαις

251 1526 395 1590 λαπαδνὸν
421 1527 481 1588 οὐδ’
505 1525 668 1604 ὑπερθέοντ’
691 1525 787 1602 ἄκραν.
829 1530 979 1588 Traditum
1008 1537 1064 1588 est:
1094 1524 1129 1585 τὰ
1153 1527 1259 1598 πολλός
1288 1532 1376 1592 verbo

252 1612 356 1690 ἄγοντα
383 1623 560 1692 strophicum
588 1639 700 1678 versum
727 1621 853 1692 incipere
882 1619 955 1676 Otfr.
984 1621 1142 1678 Muellerus
1165 1621 1270 1688 voluit,
1299 1622 1376 1692 quod

252 1711 482 1782 supplementum
500 1710 739 1782 simplicissimum
759 1716 788 1764 et
807 1709 1054 1766 credibilissimum
1067 1709 1189 1776 videtur,
1208 1711 1375 1766 Hermanno

252 1805 349 1855 autem
372 1818 429 1855 non
454 1801 560 1868 arrisit,
585 1800 634 1870 qui
658 1799 861 1870 pentapodiam
886 1798 1022 1852 traditam
1045 1805 1153 1854 rectam
1178 1801 1324 1856 existimat
1345 1807 1375 1860 et

252 1889 433 1960 antistropha
445 1885 524 1954 δύαις
542 1888 578 1942 ad
598 1888 818 1960 praecedentem
830 1905 943 1944 versum
962 1888 1110 1956 annexuit,
1129 1905 1186 1959 quo
1199 1886 1375 1960 heptapcdin

253 1979 330 2032 facta
349 1983 401 2046 est,
419 1995 506 2048 quam
524 1975 731 2049 repudiandam
750 1993 810 2032 esse
829 1975 987 2034 identidem
1005 1975 1138 2032 diximus.

342 2069 429 2124 llum.
441 2068 509 2124 9⁰53
528 2062 692 2130 ἐπισσύτους
703 2067 767 2136 βίου
779 2060 863 2134 τύχας
875 2059 1031 2134 ὀνησίμους.
1044 2087 1080 2117 ω
1092 2067 1161 2122 9993
1173 2063 1272 2137 τρέφοι
1283 2061 1375 2138 χρόνῳ

252 2153 420 2227 τεταγμένῳ·
444 2152 527 2223 γόνος
549 2152 580 2208 δὲ
603 2158 654 2224 γῆς
681 2155 792 2224 (ultima
810 2154 898 2210 verba
916 2153 1078 2209 Meinekius
1103 2153 1233 2224 addidit).
1265 2153 1376 2221 Quodsi

252 2243 419 2312 Christius³l
446 2243 481 2298 ‹le
505 2250 603 2299 nostro
626 2261 709 2298 versu
733 2243 815 2298 dicit:
845 2245 901 2314 „im
924 2246 949 2299 5.
968 2244 1059 2298 Versa
1082 2244 1204 2314 beginnt
1226 2244 1277 2298 der
1300 2250 1375 2302 erate

253 2333 328 2390 Takt
351 2332 403 2387 mit
427 2333 477 2388 der
500 2333 668 2401 Anacrusis,
691 2351 739 2387 um
763 2332 813 2388 das
836 2333 1068 2388 Hereinstromen
1091 2332 1141 2388 des
1165 2332 1292 2390 Glockes
1315 2334 1375 2391 und

252 2421 302 2479 das
325 2422 467 2481 srdhliche
487 2422 628 2478 Wachsen
653 2421 704 2476 der
722 2422 849 2478 Frichte
873 2422 912 2476 im
930 2421 1095 2491 Rhythmus
1118 2439 1154 2476 zu
1176 2423 1301 2491 malan,“
1325 2421 1376 2485 ads

252 2512 338 2566 miror
356 2512 448 2565 virum
467 2511 503 2566 de
522 2528 552 2566 re
571 2513 690 2566 metrica
709 2512 816 2582 optime
835 2512 977 2579 meritum,
1001 2509 1077 2581 quod
1096 2516 1154 2566 tam
1175 2511 1298 2566 feliciter
1317 2511 1374 2568 vim

251 2601 380 2670 rhythmi
397 2602 544 2671 expressit,
563 2600 640 2671 quod
658 2606 754 2656 autem
767 2601 942 2655 mentionem
955 2599 990 2654 de
1004 2601 1136 2654 anacrusi
1153 2601 1261 2668 iniecit,
1280 2618 1375 2656 assen-

252 2690 300 2744 tiri
319 2691 345 2744 ei
365 2707 421 2744 non
441 2709 563 2761 possum,
583 2707 647 2744 oum
666 2707 729 2746 meo
748 2690 854 2746 iudicio
874 2690 920 2743 hic
933 2706 1031 2744 versus
1050 2707 1107 2744 non
1126 2691 1288 2747 trochaicus
1307 2707 1374 2744 ana-

252 2778 326 2833 crusi
346 2779 501 2850 praeditus,
519 2780 605 2834 immo
624 2779 763 2835 iambicus
781 2779 826 2834 sit.

341 2868 424 2939 Sept.
443 2869 488 2924 98.
526 2868 609 2939 Sept.
629 2869 682 2924 830
699 2891 735 2922 ω
753 2869 817 2926 895.

341 2951 424 3027 Sept.
444 2959 511 3014 ssa:
536 2957 563 3012 τί
579 2952 604 3011 δ’
624 2951 691 3012 ἄλλο
709 2952 736 3027 γ’
755 2947 771 3025 ἢ
790 2954 873 3012 πόνοι
891 2953 986 3024 δόμων
1004 2953 1143 3026 &ciceron
1167 2955 1272 3024 πόνων,
1297 2958 1374 3029 quod

252 3047 281 3100 in
305 3047 343 3100 M.
368 3053 435 3102 ante
448 3037 554 3115 όόμων
577 3048 696 3118 legitur,
720 3054 797 3103 recte
821 3047 937 3102 sustulit
960 3048 1151 3106 Hermannus.
1174 3070 1210 3100 ‹x›
1232 3049 1300 3104 8882
1324 3042 1375 3102 cdv

252 3131 351 3207 ἀστιβῆ
367 3130 501 3192 Ι’πόλλωυι
519 3130 571 3191 τόν
589 3130 711 3203 όυόλιον,
734 3137 786 3194 nbi
804 3137 963 3194 notandum
986 3144 1042 3206 est,
1067 3137 1189 3208 primum
1209 3145 1239 3193 et
1256 3138 1372 3194 tertium

252 3222 354 3294 pedem
373 3225 514 3296 spondeos
533 3243 602 3281 esse.
640 3227 664 3282 A
682 3227 712 3280 in
731 3220 881 3282 Ἀπόλλωνι
899 3228 1032 3283 Pauwius
1051 3227 1204 3298 expunxit,
1228 3226 1304 3297 quod
1323 3243 1375 3298 per

251 3315 420 3384 aphaeresin
440 3315 537 3370 littera
556 3316 642 3369 facile
661 3317 756 3372 omitti
775 3323 899 3387 poterat,
918 3333 982 3372 cum
1003 3315 1186 3390 Ahrensius4)
1205 3315 1373 3386 aphaeresin

250 3402 338 3458 talem
358 3403 570 3458 intolerabilem
589 3421 650 3458 esse
669 3411 799 3460 censeret
817 3411 847 3460 et
865 3405 974 3459 Παιῶνα
992 3410 1173 3476 proponeret.

282 3545 285 3548 .
340 3492 423 3562 Sept.
443 3494 495 3548 957
515 3515 550 3544 ω
568 3495 632 3550 972.
670 3494 776 3566 Suppl.
796 3496 862 3562 714,
881 3492 932 3548 ubi
951 3492 1084 3548 dubitare
1103 3494 1206 3564 possis,
1230 3493 1324 3551 sintne
1343 3493 1373 3548 hi

251 3597 349 3634 versus
372 3580 447 3634 inter
470 3581 575 3650 lyricos
598 3581 735 3637 iambicos
754 3581 907 3651 referendi,
926 3617 960 3623 —
980 3581 1029 3636 sed
1048 3581 1090 3635 ita
1112 3598 1177 3635 cum
1200 3581 1375 3640 dochmiacis

251 3669 376 3723 numeris
390 3669 554 3738 cohaerent,
573 3675 606 3724 ut
624 3669 744 3739 lyricam
759 3669 902 3741 quandam
916 3671 1041 3741 speciem
1060 3670 1297 3741 praebeant.⁶)-oe
1310 3670 1374 3726 791.

341 3757 447 3828 Suppl.
467 3759 519 3812 743
537 3779 573 3808 ω
592 3761 655 3814 759.

341 3846 446 3917 ¹suppl.
467 3848 519 3902 744
537 3868 573 3898 ω
592 3849 655 3903 751.

343 3989 368 4056 1)
387 3988 405 4041 l.
419 3987 439 4043 1.
452 4005 517 4058 pag.
531 3991 573 4044 16.
595 4021 627 4030 -
647 3991 674 4060 2)
693 3991 723 4044 in
737 3991 842 4045 scholis
855 4008 911 4045 soc.
925 3991 995 4061 phil.
1011 3991 1175 4060 Lipsiensis.
1195 4023 1228 4030 -
1248 3992 1276 4061 3)
1288 3991 1373 4045 Matr.

251 4084 316 4140 pag.
336 4068 396 4122 308.
420 4099 455 4108 -
483 4070 510 4139 4)
530 4069 651 4138 „Kleine
669 4070 832 4126 Schriften“
853 4089 917 4143 pag.
937 4071 979 4126 81.
1004 4101 1038 4110 -
1067 4073 1093 4139 5)
1113 4071 1149 4126 cf.
1169 4069 1373 4125 Oberdickiurn

251 4147 330 4216 tedia
349 4164 414 4219 pag.
437 4150 509 4218 169);
536 4150 582 4218 „in
606 4149 662 4205 den
680 4150 805 4206 Jamben
828 4151 937 4206 suchen
960 4150 1007 4206 die
1026 4150 1207 4221 Jungfrauen
1232 4151 1293 4206 ihre
1312 4150 1373 4208 Un-

250 4228 322 4282 ruhe
341 4243 377 4281 zu
393 4228 568 4299 bezwingen,
587 4229 656 4284 aber
669 4230 738 4284 hald
751 4230 848 4285 bricht
865 4232 895 4284 in
908 4231 964 4284 den
977 4231 1138 4285 Dochmien
1157 4231 1218 4285 ihre
1232 4231 1373 4286 Heraens-

250 4314 335 4378 angst
353 4307 469 4363 durch.“
