3176 5060
722 303 995 364 -14-,

625 475 1038 544 ὠυ-υ-Ι.υυ-υ.υ.

645 562 787 618 diiambus
802 565 807 634 (
823 564 980 636 glyconeus
998 565 1113 635 primus.

365 656 451 712 Pera.
475 655 544 710 0613
569 647 636 726 ὁρᾷς
658 647 692 707 τὸ
715 655 758 708 λοι
774 655 780 721 Ι
794 645 850 707 πύν
872 647 937 708 τόδε
959 654 1009 717 τᾶς
1030 649 1100 721 ἐμᾶς
1121 657 1228 718 στολᾶς.
1269 655 1394 710 Praebet

273 743 320 798 hic
338 759 436 797 versus
459 742 576 796 unicum
600 740 685 796 huius
704 740 812 796 formae
831 740 1007 812 exemplum,
1031 758 1117 812 quam
1140 742 1247 796 frustra
1269 741 1340 796 alibi
1363 745 1393 797 in

273 831 417 900 Aeschylo
436 847 562 902 quaeres.
600 829 697 884 Etiam
715 829 745 884 in
763 829 841 885 huuc
859 847 972 886 versum
991 829 1077 896 cadit,
1097 830 1173 900 quod
1192 830 1229 884 ad
1247 831 1325 885 Pers.
1340 831 1393 886 aab

273 920 309 976 de
328 919 516 975 Dindoriiana
534 925 564 975 et
583 919 800 974 Hermanuiana
819 935 952 976 mensum
971 920 1139 976 monuimus.
1157 941 1194 972 ω
1212 922 1293 977 1001.

380 1034 826 1104 ᾶ)υ.υ-Ι.υυ-υ-υ-ῦ

415 1123 557 1179 diiambus
576 1125 611 1194 -(-
630 1123 826 1195 logaoedicus,
851 1123 900 1195 qui
919 1129 1033 1179 constat
1056 1141 1093 1179 ex
1111 1122 1227 1194 dactylo
1246 1123 1394 1194 tribusque

1210 1213 1359 1267 trochaeis.

363 1304 449 1358 Pera.
467 1304 521 1359 att
540 1295 572 1370 ἐὴ
584 1295 616 1370 ἐὴ
632 1305 636 1370 Ι
652 1299 787 1370 τλάμονες
805 1296 970 1374 ἀσπαίρουσι
988 1300 1088 1374 χέρσῳ.
1106 1302 1147 1357 sic
1160 1300 1326 1360 Dindorfius
1344 1318 1395 1372 pro

274 1392 322 1496 013
337 1384 357 1446 ’ί
371 1386 386 1446 ἓ
405 1385 426 1446 ἓ.
445 1413 481 1444 ω
498 1393 565 1448 0673
584 1394 639 1462 stou
656 1394 711 1465 βοᾷ
728 1411 779 1459 μοι
797 1392 925 1462 (inseruit
943 1391 1119 1459 Dindorfius)
1137 1389 1246 1457 μελέων
1264 1383 1397 1448 tuorum

276 1498 351 1553 ητοο.

362 1570 496 1625 Fortasse
521 1569 650 1639 quintam
675 1587 788 1641 quoque
810 1571 930 1625 formam
954 1587 1095 1624 assumere
1118 1569 1200 1636 licat,
1224 1585 1396 1640 quamquam

275 1676 331 1714 non
351 1657 503 1714 bonafide
522 1658 725 1714 affirmaverim
744 1659 818 1714 hanc
838 1666 914 1715 reete
933 1676 963 1715 se
982 1657 1097 1714 habere.

382 1776 827 1844 Qu.u-l-uu-uu-u-

391 1862 532 1917 diiambus
550 1864 585 1932 (-
604 1861 795 1932 logaoedicus‚
816 1863 865 1932 qui
883 1867 996 1918 constat
1015 1879 1052 1916 ex
1070 1862 1187 1933 dipodia
1206 1861 1349 1932 dactylica
1368 1868 1397 1915 et

883 1951 1000 2021 dipodia
1019 1951 1165 2006 trochaica
1183 1950 1359 2005 catalectioa.

365 2041 447 2110 Sept.
466 2039 535 2096 4643
554 2035 709 2109 ἐπεύχομαι
725 2041 729 2110 (
746 2033 780 2108 δὴ
798 2036 864 2094 τάδε
881 2038 934 2108 μέν
952 2057 983 2095 σε
1001 2047 1100 2110 τυχεῖν,
1120 2038 1162 2095 ἰώ.
1286 2037 1287 2040 ’

365 2129 399 2183 In
422 2145 506 2183 versu
528 2128 648 2183 tradito:
677 2124 830 2198 ἐπεύχομαι
855 2123 888 2196 δὴ
912 2125 979 2183 τάδε
1002 2128 1055 2197 μἐυ
1077 2123 1212 2198 είτυχεῖν,
1236 2122 1269 2180 ἰώ
1292 2143 1344 2197 per
1366 2141 1395 2178 se

276 2234 359 2274 nemo
378 2216 522 2272 offendere
535 2223 650 2288 potest;
675 2224 719 2272 est
737 2219 811 2272 trim.
831 2217 928 2288 iamb„
947 2236 1033 2289 quem
1050 2215 1161 2274 Weckl.
1181 2215 1344 2272 Zomaridcs
1366 2214 1396 2268 in

276 2306 430 2362 editionem
458 2313 635 2377 receperunt.
681 2306 739 2362 Sed
765 2313 978 2378 praeterquam,
1009 2307 1085 2378 quod
1113 2305 1293 2376 antistropha
1319 2302 1397 2358 haud

277 2396 447 2467 congruit¹)‚
475 2396 533 2450 alia
556 2395 710 2450 accedunt:
739 2397 763 2452 si
790 2402 899 2451 ceteros
927 2414 1025 2451 versus
1052 2394 1231 2470 respicimus,
1259 2392 1411 2448 habemus

277 2483 422 2540 dochmios
442 2486 514 2555 (465,
533 2486 597 2555 460)
616 2485 816 2557 logaoedicum
835 2487 908 2557 (467)
927 2486 1032 2541 iterum
1050 2483 1249 2556 logaoedicum
1267 2482 1348 2552 (468),
1367 2481 1397 2534 in

277 2573 380 2644 quibus
399 2572 532 2643 dactylus
550 2575 709 2645 praevalet:

384 2706 401 2714 “
412 2685 431 2713 υ
442 2686 461 2713 o
473 2707 491 2715 “
502 2686 521 2714 υ
532 2686 551 2714 ⁰
563 2687 612 2802 ’ἰ
655 2767 673 2802 U
695 2706 791 2772 Quare
812 2708 899 2761 etiam
917 2708 1025 2777 primus
1043 2707 1129 2760 huius
1147 2706 1282 2776 strophae
1300 2721 1398 2759 versus

277 2838 368 2908 magis
382 2853 467 2908 quam
486 2837 624 2892 iambicos
639 2837 788 2907 rhythmos
806 2837 987 2908 logaoedicos
999 2838 1173 2892 continuisse
1186 2836 1308 2903 videtur,
1328 2853 1398 2906 quos

278 2927 438 2995 Aeschylus
461 2944 527 2981 cum
550 2926 724 2981 dochmiacis
746 2927 865 2982 miscere
888 2925 989 2981 solitus
1008 2927 1098 2995 estfl·
1120 2925 1287 2996 Legendum
1310 2925 1398 2996 igitur

278 3021 322 3070 est
344 3011 496 3084 ἐπεύχομαι
512 3015 515 3086 (
532 3022 593 3070 tum
618 3014 800 3086 logaocdicus
822 3031 918 3070 versus
941 3015 1082 3086 sequitur,
1106 3016 1156 3086 qui
1178 3014 1257 3069 haud
1279 3015 1338 3069 scio
1361 3030 1397 3067 an

278 3103 433 3159 secundum
453 3102 550 3158 Weilii
569 3103 762 3158 coniecturam
781 3104 950 3175 egregiam³l
973 3103 1060 3158 talem
1079 3102 1244 3175 praebuerit
1257 3104 1396 3175 speciem:

279 3186 313 3260 δὴ
331 3188 397 3246 τάδε
414 3190 467 3259 μέν
486 3207 516 3245 σε
535 3197 636 3262 τυχεῖν,
656 3187 697 3246 lot.
735 3191 952 3248 Observandum
971 3193 1058 3248 etiam
1076 3198 1129 3262 est,
1148 3194 1203 3248 hoc
1222 3199 1344 3249 metrum
1362 3205 1397 3244 ne

279 3280 315 3335 ab
330 3282 370 3336 eis
382 3280 506 3352 quidem,
519 3297 592 3351 quae
606 3298 689 3336 versu
702 3281 909 3352 exprimuntur,
923 3281 1084 3338 abhorrere.
1110 3283 1144 3337 In
1158 3281 1283 3337 diiambo
1292 3306 1363 3336 υ-υ
1372 3321 1399 3347 .,

279 3368 330 3424 ubi
348 3369 500 3439 rhythmus
524 3369 665 3438 ascendit,
689 3387 806 3440 precum
829 3371 943 3425 initium
965 3371 1039 3426 bene
1063 3372 1241 3443 depingitur,
1264 3387 1344 3434 nam,
1366 3373 1400 3421 ut

280 3457 367 3510 animi
390 3456 427 3510 ad
446 3456 514 3512 deos
539 3458 706 3526 mittuntur,
729 3459 769 3513 sic
788 3460 939 3529 rhythmus
961 3461 1021 3532 ipse
1045 3461 1186 3528 ascendit,
1210 3465 1271 3514 tum
1294 3459 1412 3520 autem,v

280 3562 345 3600 cnm
363 3562 462 3616 preces
480 3545 558 3616 ipsae
577 3547 774 3617 proferuntur,
800 3549 924 3606 vivacior
942 3551 1093 3620 rhythmus
1112 3547 1269 3615 consurgit:
1292 3562 1310 3594 ι
1321 3566 1339 3594 o
1350 3565 1369 3592 υ
1380 3584 1398 3592 -

279 3659 425 3700 υυ.υ.,
450 3652 506 3706 quo
525 3642 592 3691 vota
616 3654 652 3692 ex
675 3637 776 3692 intimo
795 3645 910 3708 pectore
934 3640 1036 3692 emissa
1058 3654 1109 3706 per
1132 3629 1288 3701 dactylos⁴l
1312 3644 1398 3699 appa·

280 3728 352 3778 rent.
378 3753 410 3764 -
435 3723 624 3797 Antistropha
646 3727 679 3784 7.
704 3727 759 3782 504
781 3728 913 3797 praebet:
944 3723 1069 3780 πέποιθα
1092 3717 1141 3778 τὸν
1163 3715 1228 3785 Διὸς
1251 3714 1400 3774 ἀντίτυπον

281 3805 378 3882 ἔχοντ’,
397 3829 471 3884 quae
490 3813 578 3868 verba
596 3815 671 3870 idem
690 3815 811 3870 Weilius
830 3814 965 3884 (editione
987 3813 1064 3880 1863)
1087 3809 1210 3865 mutavit
1228 3809 1258 3862 in
1276 3806 1400 3861 πέποιθα

280 3894 330 3956 τὸν
344 3904 354 3970 Ι·
366 3895 400 3968 δὴ
418 3898 484 3966 Διὸς
502 3895 652 3958 ἀντίτυπον
670 3897 787 3970 νέμοντ’,
808 3901 884 3972 quod
902 3901 998 3955 sensui
1016 3916 1049 3953 ac
1068 3904 1159 3952 metro
1178 3897 1294 3951 suflicit.

372 4063 398 4130 l)
418 4061 495 4132 quod
515 4061 629 4131 quidem
647 4077 703 4115 non
723 4061 792 4115 satis
811 4076 912 4114 causae
932 4064 984 4126 est,
1003 4075 1053 4113 cur
1071 4075 1184 4112 versum
1202 4064 1352 4112 mutemus.
1365 4089 1399 4096 —

281 4141 308 4210 2)
328 4141 364 4197 cs.
382 4140 484 4196 Rossb.
503 4141 587 4196 Metr.
606 4157 671 4212 pag.
692 4140 751 4195 783.
772 4171 806 4180 -
829 4140 856 4208 3)
876 4155 961 4209 quam
985 4139 1072 4193 etiam
1091 4137 1282 4193 Rossbachius
1306 4137 1400 4209 (Metr.

282 4236 346 4291 pag.
367 4221 428 4290 784)
448 4220 581 4275 laudibus
600 4221 690 4274 effert.
715 4249 748 4258 —
772 4219 800 4288 4)
819 4218 868 4289 qui
887 4219 999 4290 saepius
1018 4219 1048 4273 in
1067 4217 1199 4290 precibus
1218 4217 1400 4285 adhibentur,

282 4300 318 4356 cs.
337 4299 425 4370 Soph.
445 4298 515 4353 Oed.
535 4297 595 4354 Ool.
614 4298 666 4353 236
685 4315 746 4368 sqq.
783 4298 850 4350 Eur.
870 4296 970 4368 Suppl.
989 4299 1042 4354 278
1061 4317 1122 4370 sqq.
