3176 5060
733 271 955 328 ..58-

282 439 354 512 pede
378 441 464 512 positi
491 446 571 508 sunt,
599 441 738 495 transitus
761 440 795 495 iit
817 439 853 496 ad
877 440 1018 496 volubiles
1046 440 1207 495 tribrachos
1233 440 1332 508 duos‚“
1359 441 1410 498 cui

281 529 495 600 reprehensioni
517 529 617 597 miror,
641 527 716 600 quod
737 527 925 598 Bernhardi¹)
945 528 1099 584 assentitus
1118 533 1169 583 est
1207 527 1311 584 Omnis
1329 529 1408 583 enirn

281 618 355 673 bene
377 617 531 690 procedere
555 623 638 688 puto,
663 633 729 674 nam
752 617 844 690 primo
862 616 997 690 spondeis
1019 617 1157 674 severitas
1181 633 1312 688 precum,
1335 635 1410 690 quas

279 705 395 778 puellae
414 705 451 760 ad
470 703 593 761 Martem
613 705 740 776 mittunt,
760 705 926 778 depingitur
944 722 978 760 ac
997 705 1098 776 religio
1117 706 1180 778 pie,
1204 723 1262 778 qua
1280 706 1409 778 propius,

281 801 314 849 ut
332 792 374 852 its
392 795 494 864 dicam,
514 793 550 849 ad
568 794 636 849 deos
655 793 809 860 accedunt;
823 828 857 835 —
870 801 932 848 tum
951 793 1047 848 subito
1066 811 1165 866 preces
1178 795 1410 850 vehementiores

280 890 367 956 atque
391 883 567 940 ardentiores
591 883 677 949 fiunt,
701 899 774 954 quae
798 883 957 938 animorum
980 883 1134 938 commotio
1157 884 1283 938 numeris
1304 883 1410 940 solutis

280 972 355 1028 bene
373 972 518 1027 indicatur
537 1002 571 1009 -
597 971 701 1041 „Serva
719 970 846 1037 urbem“‚
870 969 942 1026 haec
966 987 1082 1042 precum
1102 988 1212 1026 summa
1230 969 1309 1026 hand
1327 973 1410 1043 puris

280 1061 383 1116 iambis
401 1067 452 1115 aut
469 1060 605 1131 gravibus
623 1059 765 1130 spondeis,
788 1059 839 1114 sed
860 1058 1078 1130 „volubilibus“‚
1103 1066 1135 1114 ut
1154 1060 1298 1116 Dindoriii
1316 1061 1410 1132 ipsius

280 1149 375 1204 verbis
393 1155 466 1218 utar,
485 1149 638 1204 tribrachis
657 1150 779 1220 exprimi
797 1148 907 1204 debuit.

369 1239 477 1310 suppl.
496 1239 563 1298 tots
582 1242 698 1294 τοιαῦτα
716 1234 811 1294 πάθεα
828 1236 914 1305 μέλεα
933 1233 1243 1309 recuperaremus
1263 1239 1407 1309 Engerus,

280 1327 327 1384 M:
345 1326 427 1398 λέγω,
446 1350 481 1380 ω
503 1329 570 1386 1182
594 1330 673 1391 δεοῖς
691 1320 715 1382 δ
734 1323 836 1396 ἐναγέα
858 1325 939 1382 τέλεα
962 1324 1126 1394 πελομένων
1143 1330 1243 1392 καλῶς.
1282 1328 1408 1383 Versum

279 1424 432 1488 utrumque
451 1417 661 1488 quodammodo
680 1416 735 1472 sibi
753 1415 875 1472 similem
895 1433 954 1472 esse
974 1417 1144 1470 monstravit
1163 1415 1336 1486 christinam

641 1577 667 1646 b)
690 1577 842 1647 tribrachys
861 1582 888 1631 et
905 1577 1036 1646 dactylus.

369 1685 470 1740 hom.
494 1686 562 1740 9002
591 1673 699 1753 ἄφοβος
722 1677 756 1737 οὗ
778 1680 869 1750 δέδια,
892 1680 962 1752 μηδέ
985 1679 1157 1754 κρεισσόνων
1179 1687 1264 1738 θεῶν.
1306 1683 1407 1752 Miror,

279 1773 356 1846 quod
379 1791 463 1828 nemo
487 1773 642 1838 editorum,
667 1773 744 1844 quod
768 1772 883 1843 quidem
907 1771 1040 1840 viderim,
1066 1773 1143 1828 huno
1168 1790 1280 1828 versum
1303 1789 1338 1828 ea
1361 1791 1407 1827 ra-

278 1863 356 1918 tione
376 1879 489 1918 mensus
508 1868 559 1926 est,
581 1879 655 1932 quoe
673 1879 742 1916 sene
760 1861 969 1930 simplicissima
987 1861 1050 1916 fuit.
1088 1860 1165 1916 Setis
1183 1869 1235 1929 est,
1254 1878 1405 1916 mensuras

278 1952 415 2024 quasdam
439 1951 583 2019 attulisse,
606 1952 663 2008 iam
682 1949 805 2015 ridebis,
830 1967 915 2022 quam
938 1967 1024 2022 saepe
1043 1950 1097 2004 viri
1121 1950 1199 2006 docti
1223 1951 1315 2006 coacti
1337 1950 1406 2015 sint,

277 2057 374 2094 versus
393 2038 524 2094 dirimere
544 2047 573 2094 et
592 2040 758 2108 rhythmum
777 2044 897 2107 mutare,
916 2039 946 2094 id
959 2037 1035 2110 quod
1055 2040 1215 2094 sententiae
1229 2057 1287 2094 non
1306 2045 1407 2111 postu·

278 2129 348 2186 ient.
390 2127 598 2184 Diodoriius
626 2121 735 2198 ἄφοβος
758 2144 823 2184 cum
846 2128 965 2184 Butlero
989 2129 1144 2198 expunxit,
1172 2145 1236 2186 cnm
1261 2128 1406 2199 glossema

277 2217 426 2286 indicaret,
445 2217 494 2272 sed
508 2233 615 2285 vereor,
634 2235 670 2274 ne
683 2217 738 2272 hoc
751 2216 870 2272 verbum
889 2233 1038 2272 mensurae
1058 2234 1126 2272 suae
1142 2233 1228 2272 causo
1246 2217 1407 2286 sustinerit,

278 2305 356 2362 haud
379 2306 464 2364 aliter
488 2312 576 2376 etque
600 2306 675 2360 infre
694 2299 765 2376 έροις
783 2307 903 2376 expulit.
945 2305 1193 2362 Kirchhofiius
1217 2305 1329 2362 scribit:
1353 2299 1405 2374 ἀφ.

277 2389 312 2452 ὀὐ
331 2392 470 2464 δέδμρδ.
488 2395 712 2466 κρ.Ιδεο1νιιιλ.
749 2395 1010 2450 Schoemannus
1029 2400 1058 2448 et
1078 2394 1332 2450 Weckleinius:
1354 2392 1406 2464 γά-

276 2502 330 2552 μος
343 2476 452 2554 ἄφοβος
463 2483 467 2556 Ι
477 2485 541 2552 μηδ.
560 2502 602 2555 κρ.
616 2486 643 2538 θ.
657 2483 660 2556 Ι
673 2476 750 2554 έρως·
764 2486 821 2540 κτλ.
858 2484 1076 2540 Hermannus
1091 2484 1282 2554 responsionis
1294 2484 1407 2554 gratias

277 2566 326 2642 ἀφ.
345 2567 413 2628 οὐδὲ
434 2572 473 2628 δέ.
497 2575 561 2642 μηδ.
586 2568 637 2630 τού
660 2590 704 2640 με.
746 2573 1072 2640 Wilamowitzius³):
1097 2567 1132 2626 οδ
1151 2571 1287 2628 δέδια...
1311 2589 1411 2644 speum

277 2657 378 2726 οδνοιν,
397 2661 569 2730 Weiiius⁴)
589 2703 595 2715 .
615 2703 620 2716 .
641 2654 658 2716 ὁ
676 2657 741 2730 μέμ.
761 2651 826 2733 cipi
837 2664 900 2732 μηδ.
917 2679 960 2732 κρ.
984 2664 1068 2717 θεῶν.
1105 2661 1163 2718 Sed
1182 2679 1279 2716 versus
1302 2678 1405 2718 secun·

277 2751 345 2804 dum
372 2755 499 2804 nostram
526 2750 748 2820 descriptionem
776 2750 866 2805 multo
895 2750 1057 2822 expeditius
1085 2768 1119 2805 ac
1147 2751 1260 2806 facilius
1287 2768 1404 2806 currere

277 2839 471 2911 optimamque
499 2839 734 2911 compositionem
757 2839 874 2910 explere
898 2857 935 2894 ex
962 2840 1107 2894 schemate
1131 2841 1200 2894 licet
1223 2841 1403 2910 conspicere:

276 2929 415 2984 hebernus
433 2928 594 2994 dimetrum,
613 2934 671 2982 tres
689 2930 841 2997 trimetros,
860 2929 1014 2984 dimetrum
1032 2928 1187 2984 iambicum
1205 2930 1307 2984 ultimo
1326 2930 1402 3000 pede

276 3035 363 3087 ayne,
382 3018 449 3072 dim.
468 3017 569 3085 trech,
589 3018 637 3088 qui
656 3035 708 3071 nos
727 3018 763 3071 ad
782 3019 999 3088 pherecrateum
1018 3018 1157 3073 traducit:

596 3119 914 3161 modoetiensem
932 3108 984 3163 899
1067 3161 1072 3174 ,

747 3193 749 3198 -
994 3132 1123 3231 1ρηιοο

994 3229 1011 3335 ι

675 3221 722 3248 νυ
764 3222 933 3251 tutat)-

526 3311 604 3340 U-U
615 3312 753 3340 -----
765 3304 862 3339 tir-i.)

1016 3403 1034 3700 Ι
1053 3508 1145 3562 altera
1164 3482 1237 3579 pars.
1338 3571 1339 3574 Ἴ

524 3684 541 3695 ‚—
553 3667 572 3693 U
583 3667 601 3694 U
612 3686 630 3694 .-
642 3667 661 3694 υ
673 3685 690 3694 .-
702 3668 720 3693 U

364 3729 446 3800 Sept.
466 3731 533 3786 8312
553 3733 650 3784 διπλαῖ
663 3727 802 3801 μέριμναι,
821 3727 911 3799 δίδυμ’
931 3727 1072 3804 ipseipse
1089 3727 1161 3785 κακά

1014 3829 1056 3856 uu
1131 3819 1150 3846 V

581 3827 600 3854 υ
622 3848 640 3856 -
684 3827 702 3855 υ
729 3847 747 3857 ..
801 3847 819 3856 -
837 3827 878 3855 w
943 3829 987 3858 υ..
1059 3827 1079 3856 V
1095 3829 1114 3856 U
1132 3847 1149 3856 .-

259 3917 260 3920 ¹
364 3891 545 3960 Trimetrum
564 3908 648 3962 quem
661 3892 844 3946 Hermannus
863 3893 997 3959 restitnit,
1017 3893 1064 3947 hic
1083 3892 1248 3960 desiderari,
1267 3909 1303 3946 er
1314 3907 1400 3946 versu

274 3980 482 4052 antistrophico
501 3980 554 4034 836
572 3981 712 4050 sequitur:
732 3981 856 4046 πίτυλον,
876 3972 907 4046 ὃς
925 3978 979 4034 αἰεὶ
999 3975 1034 4035 δι’
1052 3975 1186 4052 Ἀχέροντ’
1199 3973 1349 4050 ἀμείβεται.
1363 4013 1398 4020 —

365 4195 390 4264 1)
410 4194 466 4249 1,1.
486 4212 550 4265 pag.
573 4195 613 4248 10.
644 4227 675 4234 -
704 4196 730 4264 2)
750 4195 834 4250 Metr.
854 4211 919 4266 pag.
939 4197 1000 4254 644.
1030 4225 1063 4234 -—
1092 4195 1119 4263 3)
1140 4194 1159 4250 l.
1179 4194 1197 4247 l.
1216 4211 1280 4264 pag.
1302 4193 1343 4247 18.
1362 4227 1398 4232 —

274 4275 302 4344 4)
322 4291 396 4328 nova
415 4273 484 4329 edit.
673 4297 676 4302 ·
1137 4319 1140 4324 ,

1560 2151 1564 2328 i
