3176 5060
668 311 891 369 --75-

218 482 434 537 interiectiones
453 483 629 550 contineant,
649 481 684 536 de
704 482 807 552 quibus
821 482 856 536 cf.
876 497 941 552 pag.
956 484 971 536 5
985 499 1045 552 sqq.
1083 481 1203 536 Tradita
1221 483 1341 552 specie¹)

218 588 317 624 versus
335 570 501 626 retinendus
519 577 572 639 est,
591 577 623 624 ut
642 570 790 624 dochmius
809 577 936 626 maneat:
959 573 1014 642 βοᾷ
1033 563 1102 641 ὑπὲρ
1121 567 1265 642 τειχέωνβ)

309 660 372 716 111.
396 660 449 713 Hic
462 660 704 730 Heimsoethiusss)
722 661 848 714 animum
867 659 904 714 ad
922 641 1076 715 iambicum
1095 642 1250 716 attendisse
1263 661 1340 715 vide-

217 755 275 815 tur,
295 749 343 819 qui
361 766 426 819 pro:
445 742 504 802 ἀλλ’
523 736 547 802 ci
566 751 628 813 Ζεῦ,
647 745 734 820 πάτερ
754 749 886 819 (dochm.)

445 837 587 903 παντελές,
605 835 717 902 πάντας
736 840 854 908 (cretic.)
873 839 928 905 (vel
948 839 1103 907 trochaeii)

217 927 344 996 scripsit:
364 920 423 979 ἀλλ’
442 915 464 980 ὦ
484 929 548 990 Ζεῦ,
566 923 654 997 πάτερ
673 926 778 996 (doch.)

218 1012 307 1069 τέλειε
325 1018 466 1080 παντελῶς
489 1015 603 1086 (tripcd.
623 1015 733 1084 iamb.),
758 1015 793 1070 de
813 1032 870 1086 qua
888 1033 1021 1070 mensura
1039 1018 1126 1071 etiam
1145 1017 1341 1087 Westphaiius

218 1105 366 1174 cogitavit,
385 1104 574 1174 proponens⁴)
593 1099 652 1158 ἀλλ’
670 1093 693 1158 ci
707 1108 770 1169 Ζεῦ,
789 1100 877 1175 πάτερ
890 1105 893 1176 A
906 1093 929 1158 ni
942 1104 1076 1170 παντελὲς
1093 1101 1207 1160 πάντων
1224 1101 1342 1176 κράτος;

217 1209 237 1244 ῡ
250 1238 268 1246 -
279 1218 298 1244 υ
309 1239 327 1246 -
338 1209 357 1245 ῡ
368 1239 386 1247 -
397 1218 416 1244 υ
427 1193 476 1263 αὖ)
515 1193 574 1248 Aut
596 1193 759 1248 dochmium
783 1193 882 1247 cretici
906 1200 1077 1263 sequuntur,
1102 1195 1178 1264 quod
1202 1194 1341 1265 exemplis

218 1281 418 1350 confirmatur,
441 1288 492 1336 aut
510 1300 547 1337 ex
564 1283 659 1337 verbis
678 1281 791 1336 traditis
810 1282 931 1338 dimeter
949 1283 1132 1338 dochmiacus
1151 1283 1341 1354 expiscandus

218 1377 264 1425 est
284 1402 315 1410 -
335 1377 444 1426 certum
464 1377 559 1426 autem
578 1372 844 1427 iudiciumlaturus
863 1389 920 1426 non
940 1391 1010 1426 sum.
1170 1443 1173 1448 Ι

310 1462 376 1516 7032
402 1460 510 1514 Eodem
534 1461 618 1514 modo
642 1477 675 1514 ac
699 1461 792 1514 Prorn.
820 1462 870 1514 128
895 1467 924 1516 et
946 1462 997 1515 401
1021 1463 1068 1516 hic
1091 1463 1121 1515 in
1145 1459 1267 1531 πέφρικα
1290 1455 1341 1514 τάν

218 1541 382 1602 ὠλεσίοικον
404 1543 474 1604 θεὸν
497 1545 531 1603 οὐ
556 1552 633 1614 θεοῖς
656 1541 772 1617 ὁμοίαν·
796 1550 1341 1620 υ)-υ--)υυ--υυ-υ-υ--

217 1637 318 1703 ionici,
338 1655 408 1708 quos
427 1640 560 1709 epitritus
578 1639 734 1709 praemissa
752 1641 884 1694 anacrusi
903 1639 1063 1709 praecedit,
1087 1639 1246 1710 accipiendi
1265 1644 1340 1704 sunt,

218 1743 277 1780 non
296 1726 392 1795 iambi,
412 1727 457 1782 vel
476 1727 643 1797 choriambi,
662 1733 695 1782 ut
713 1728 960 1800 Wilamowitzio⁰)
979 1730 1095 1800 placuit.

309 1817 475 1886 Supplices

309 1906 353 1960 55.
382 1906 564 1959 Hermannus
584 1912 612 1960 et
631 1905 825 1961 Schwerdtius
847 1907 997 1960 iambicam
1019 1924 1179 1960 mensuram
1199 1907 1339 1971 foverunt,

217 1995 316 2063 itaque
335 2012 447 2048 versum
466 1995 704 2065 antistrophicum
727 2000 931 2062 mutaverunt,
950 2014 1003 2066 ego
1022 2001 1118 2050 autem
1141 1996 1236 2066 potius
1254 1995 1339 2049 Ross-

217 2083 389 2150 bachium'),
408 2083 569 2149 Kraseium,
589 2083 800 2149 Oberdickinm,
824 2085 1046 2156 Bambergerum
1054 2085 1073 2152 ⁸)
1093 2092 1207 2140 secutus
1226 2085 1339 2154 logaoe-

217 2172 283 2226 dico
302 2173 396 2226 versui
419 2174 542 2243 palmam
567 2174 705 2228 dederim:
730 2170 841 2242 έγγάϊος
864 2168 959 2228 οἶκτον
978 2169 1048 2228 ἀΐων
1066 2208 1101 2228 ι-
1113 2221 1130 2228 -
1143 2200 1161 2226 υ
1172 2200 1191 2226 υ
1203 2221 1220 2228 -
1232 2200 1250 2226 ο
1262 2220 1280 2227 -
1291 2200 1310 2226 υ
1322 2221 1340 2228 -

218 2268 364 2332 expuncto
384 2263 433 2316 illo
453 2259 574 2334 οἰκτρόν,
593 2281 659 2317 nam
678 2264 714 2318 ab
734 2265 817 2318 initio
836 2265 947 2318 numeri
966 2264 1171 2318 descendentes
1180 2270 1339 2333 apparent,

218 2351 269 2420 qui
288 2351 389 2405 iambis
408 2353 523 2406 minime
542 2353 711 2422 interrumpi
730 2352 899 2407 debuerunt.

310 2441 377 2496 10οι
401 2444 527 2511 καρβᾶνα
546 2436 570 2494 d'
590 2435 687 2496 αὐδάν,
725 2441 891 2495 Dindorfius
909 2443 949 2495 sic
968 2442 1097 2495 metitur:
1117 2457 1135 2492 ῡ
1146 2486 1164 2493 -
1176 2466 1194 2492 υ
1206 2473 1240 2492 ι-
1254 2486 1271 2493 -
1289 2441 1338 2494 sed

218 2528 385 2597 rhythmum
410 2529 629 2583 descendentem
654 2529 730 2597 (inde
750 2547 767 2582 a
786 2548 811 2582 x.
834 2530 895 2598 108)
919 2531 967 2600 qui
991 2547 1080 2599 usque
1104 2529 1140 2582 ad
1159 2529 1245 2582 finem
1269 2535 1339 2582 stro-

218 2616 294 2687 phae
313 2619 504 2688 principatum
518 2618 639 2684 obtinet,
657 2617 779 2672 iambico
793 2635 876 2672 versu
895 2618 1072 2688 interpellari
1086 2619 1179 2672 minus
1192 2617 1339 2684 conducit,

218 2706 324 2759 rectius
342 2707 431 2776 igitur
450 2706 596 2775 Weilius⁰)
614 2706 787 2777 logaoedicis
806 2708 915 2760 annuit.

309 2795 371 2850 130.
414 2794 551 2849 Kruseius
575 2802 604 2850 et
627 2797 809 2850 Hermannus
833 2791 943 2867 ἀνδρῶν
965 2789 991 2860 ἒ,
1015 2788 1030 2848 ἔ
1052 2796 1197 2867 dipodiam
1226 2796 1339 2851 efficere

219 2888 336 2953 putant,
360 2882 409 2938 sed
433 2883 520 2937 verba
544 2878 627 2948 εὐνὰς
649 2879 759 2955 ἀνδρῶν
778 2877 804 2950 i',
827 2877 947 2939 dunum
970 2902 1081 2939 versum
1106 2903 1139 2939 ac
1163 2885 1340 2939 trochaicum

218 2970 338 3025 reddere
351 2971 531 3026 verisimilius
551 2977 602 3038 est,
622 2989 695 3043 quae
713 2990 844 3027 mensura
857 2991 908 3044 per
921 2971 1013 3042 τονὴν,
1033 2990 1106 3043 quae
1120 2973 1248 3027 odiosum
1267 2973 1340 3027 illud

219 3060 339 3115 verbum
357 3056 441 3125 εὐνάς
459 3078 492 3112 φ
506 3081 523 3114 r
542 3069 609 3132 apte
629 3062 788 3133 distinguit,
808 3064 898 3134 magis
917 3063 1140 3117 commendatur.

310 3151 376 3206 144:
400 3144 451 3204 τὸν
469 3147 705 3216 πολυξενώτατον,
730 3169 802 3221 quae
822 3152 910 3206 verba
929 3169 1021 3221 neque
1041 3170 1129 3205 unum
1148 3170 1258 3206 versum
1278 3153 1340 3206 rcd·

219 3238 305 3306 dunt,
334 3255 386 3292 nec
410 3239 586 3308 seiungenda
609 3245 688 3307 sunt,
717 3245 749 3292 ut
772 3241 951 3304 Hermanno,
976 3240 1168 3308 Weckleinic,
1197 3240 1340 3307 Weili0¹⁰)

219 3327 338 3398 placuit,
358 3329 405 3398 qui
419 3329 604 3398 scripserunt:
624 3322 673 3382 τὸν
686 3324 766 3396 γάῖον
778 3328 781 3397 )
792 3323 843 3382 τὸν
855 3332 917 3382 not.
936 3345 1002 3382 nam
1016 3329 1340 3398 Westph.·Gleditschio

219 3418 371 3484 assentiar,
399 3417 486 3486 quin)
514 3417 659 3487 dipodiain
687 3417 794 3471 medias
822 3419 897 3471 inter
924 3417 1100 3487 tetrapodias
1129 3418 1341 3486 eurhythmiam

219 3505 336 3560 turbare
356 3506 532 3575 praedicant,
551 3513 699 3575 praeterea
712 3512 807 3560 autem
828 3507 899 3560 haec
912 3505 1029 3576 dipodia
1047 3507 1103 3558 iam
1123 3523 1173 3576 per
1192 3523 1221 3559 se
1241 3512 1341 3561 contra

221 3619 256 3626 μ.
292 3619 433 3624 ..—--—.-

312 3676 338 3744 1)
357 3674 515 3728 Passowius
533 3676 586 3745 βοᾷ
605 3674 754 3743 expunxit,
767 3674 977 3743 Lowinslxyius:
997 3674 1044 3745 βίᾳ
1062 3670 1184 3741 τειχέων,
1196 3673 1341 3727 Seidlerus

222 3755 253 3826 (i.
272 3754 291 3806 1.
310 3771 375 3824 pag.
394 3757 438 3823 85)
458 3747 590 3807 α’λεύοατε
607 3757 661 3826 βοᾷ
674 3752 677 3823 )
689 3747 759 3823 ὑπὲρ
776 3753 906 3822 τειχέων,
923 3753 1210 3808 Weck].-Z0marides
1229 3771 1340 3806 versum

220 3834 307 3906 piane
326 3835 502 3888 deleverunt.
531 3862 565 3869 —
594 3835 620 3900 2)
640 3833 675 3887 cf.
694 3833 795 3888 Rossb.
814 3835 897 3888 Metr.
918 3851 982 3904 pag.
1004 3835 1067 3899 773;
1087 3833 1122 3887 de
1141 3838 1271 3902 correpto
1290 3833 1340 3890 illo

222 3933 239 3967 α
258 3914 294 3968 cf.
314 3931 387 3984 quae
406 3914 490 3967 modo
509 3913 546 3966 ad
565 3914 646 3966 Eum.
667 3914 718 3967 252
739 3913 869 3968 diximus.
890 3946 924 3953 —
943 3915 969 3982 3)
983 3914 1127 3968 Wiederh.
1147 3929 1212 3984 pag.
1232 3914 1292 3966 260.

220 3994 249 4061 4)
272 3992 418 4064 ,Prolegg
437 4011 472 4046 zu
491 3993 546 4046 den
566 3993 641 4046 asch.
662 3992 762 4060 Trag.“
783 4011 848 4062 pag.
870 3994 927 4046 174.
949 4024 981 4031 -
1002 3995 1028 4060 5)
1047 4010 1083 4046 an
1103 3994 1155 4047 sic:
1175 4009 1222 4045 ῡ-
1234 4017 1340 4045 um.

221 4074 315 4126 as?
334 4108 368 4113 —
394 4076 421 4142 6)
440 4073 458 4128 l.
478 4072 496 4126 l.
516 4089 581 4143 pag.
601 4073 643 4127 26.
664 4106 698 4112 —-
728 4074 753 4138 7)
772 4073 856 4128 Metr.
875 4090 940 4142 pag.
960 4073 1020 4127 687.
1050 4104 1082 4111 -
1112 4073 1140 4142 8)
1160 4089 1255 4143 opusc.
1276 4090 1340 4142 pag.

222 4153 282 4208 108.
311 4187 344 4192 -
374 4155 399 4221 9)
418 4154 447 4206 in
466 4152 535 4206 edit.
556 4153 634 4207 1866.
658 4182 693 4189 -
723 4153 765 4220 10)
785 4153 815 4206 in
833 4152 902 4207 edit.
923 4154 1000 4208 1891.
1030 4185 1061 4192 —
1093 4154 1135 4213 11)
1157 4152 1294 4222 „Theorie
1314 4153 1341 4207 d.

221 4233 328 4302 griech.
348 4232 448 4286 Metr.“
473 4248 537 4301 pag.
557 4232 621 4286 682:
648 4231 710 4300 „die
730 4231 853 4300 Dipodie
873 4237 956 4286 unter
975 4232 1184 4302 Tetrapodieen
1204 4237 1275 4286 stiirt
1295 4232 1341 4286 die

221 4313 416 4381 Eurythmie.“
