3176 5060
301 456 332 508 X
332 456 370 510 0.-
387 449 471 509 ἀτοτο
489 459 570 508 τοτοῖ
1033 477 1052 503 υ
1063 463 1082 502 ο
1092 475 1111 504 ιι
1122 475 1141 503 υ
1152 495 1169 504 .

301 539 400 615 βαρεῖά,
416 538 442 615 y'
462 529 511 597 ἀδε
530 539 660 613 συμφορά
1034 565 1141 594 υ-υ-
1153 565 1171 592 υ
1183 563 1262 592 -ιι.

302 629 329 686 οἳ
345 628 420 700 μάλα
438 633 484 686 καί
503 626 561 686 τόδ’
581 626 665 701 ἀλγῶ.
1034 673 1050 683 .
1064 654 1082 681 υ
1093 653 1112 682 υ
1123 672 1141 682 .
1153 654 1172 681 υ
1183 673 1200 682 -
1213 643 1232 681 ῡ
1405 629 1420 684 8

390 721 436 776 Ex
454 721 509 777 hoc
528 721 660 792 exemplo
680 720 813 775 discimus
835 720 922 774 etiam
946 717 1083 774 iambicos
1106 717 1183 772 haud
1207 718 1293 772 nimis
1316 718 1421 773 solutos

301 827 354 865 nec
377 816 548 881 syncopatos
571 809 698 864 dolorem
722 809 894 880 exprimere,
922 809 985 880 qui,
1013 808 1067 863 etsi
1091 825 1147 862 non
1172 807 1285 862 ratione
1309 808 1420 876 usitata,

302 917 359 971 qua
372 899 453 954 dolor
465 889 603 954 illustrari
618 899 700 968 solet,
719 898 858 953 exstructi
877 904 952 966 suut,
971 903 1068 952 tamen
1082 897 1109 950 u·
1122 913 1180 951 non
1193 901 1295 952 carent
1307 901 1421 968 propter

302 989 535 1060 compositionem
554 988 643 1043 totius
655 987 798 1060 strophae.
836 987 910 1044 Nam
922 987 1002 1042 velut
1020 987 1095 1041 ictus
1113 986 1274 1057 gravissimi
1293 1003 1327 1041 ac
1340 986 1421 1041 vehe-

302 1077 468 1132 mentissimi
488 1075 520 1130 hi
537 1076 660 1146 dimetri,
680 1093 800 1148 quorum
817 1093 1048 1148 unumquemque
1061 1079 1112 1130 aut
1124 1076 1238 1130 Xerxes
1251 1081 1303 1130 aut
1322 1076 1421 1130 chorus

301 1167 382 1222 brevi
400 1166 536 1237 temporis
548 1166 641 1237 spatio
654 1182 688 1221 ac
706 1166 766 1222 sine
780 1165 960 1221 dubitatione
974 1165 1086 1234 recitat,
1105 1165 1233 1220 animum
1246 1165 1421 1220 concutiunt.

302 1256 451 1312 Interdum
469 1257 545 1312 enim
563 1273 661 1312 versus
679 1274 737 1312 non
756 1274 807 1328 per
825 1273 855 1312 se
875 1255 1020 1311 auditores
1039 1261 1163 1324 movent,
1185 1255 1236 1310 sed
1256 1254 1336 1326 quali
1355 1261 1423 1310 tem-

302 1345 378 1417 poris
397 1345 489 1416 spatio
508 1345 673 1411 recitentur,
692 1346 820 1412 interest,
839 1351 872 1399 ut
891 1345 978 1399 etiam
996 1343 1026 1398 in
1045 1344 1116 1398 locis
1135 1342 1308 1415 quibusdam
1321 1344 1421 1400 veteris

302 1434 464 1490 comoediae
484 1433 628 1489 observari
647 1440 751 1506 potest,
771 1441 803 1489 ut
821 1435 918 1505 Equit.
939 1434 1089 1502 att-371,
1108 1433 1265 1504 443-455;
1285 1433 1333 1488 hic
1353 1434 1422 1488 eele-

303 1524 371 1578 ritas
390 1523 477 1578 risum
495 1529 599 1592 movet,
619 1522 659 1577 ibi
678 1522 901 1578 misericordiam
920 1530 949 1578 et
968 1522 1107 1577 lacrimas.

391 1615 495 1680 nram.
514 1615 582 1669 2252

304 1702 352 1775 βίᾳ
370 1705 493 1771 χαλινῶν
511 1696 535 1756 τ’
555 1697 667 1774 ἀναύδῳ
685 1701 771 1770 μένει.
995 1727 1014 1754 o
1025 1746 1043 1755 -
1054 1725 1073 1754 υ
1085 1733 1119 1754 ι.
1132 1746 1149 1756 .
1161 1725 1181 1754 υ
1192 1734 1227 1754 .-
1240 1747 1259 1756 -
1270 1728 1289 1755 o
1302 1747 1319 1756 -
1409 1703 1420 1754 1

301 1788 407 1863 κρόκου
424 1785 518 1862 βαφὰς
536 1787 561 1846 d'
580 1788 609 1856 ἐς
627 1789 714 1846 πέδον
730 1790 834 1860 χέουσα
994 1817 1014 1845 υ
1025 1835 1043 1845 .
1055 1817 1073 1844 υ
1085 1824 1120 1844 μ
1132 1837 1150 1846 -
1161 1816 1181 1845 υ
1191 1835 1210 1844 -
1221 1817 1241 1846 υ
1253 1807 1287 1844 φ
1300 1809 1320 1846 a

209 1869 216 1885 ²
303 1873 394 1953 ἔβαλλ’
413 1873 531 1936 ἕκαστον
549 1877 679 1953 θυτήρων
995 1907 1014 1934 υ
1025 1925 1044 1936 ..
1055 1907 1074 1935 υ
1086 1913 1120 1934 ι.
1132 1926 1151 1934 -
1162 1907 1181 1934 υ
1194 1897 1228 1934 a.
1241 1928 1260 1938 -

303 1964 350 2023 ἀπ’
370 1962 496 2037 ὄμματος
513 1968 587 2042 βέλει
606 1971 739 2042 φιλοίκτῳ
996 1994 1015 2023 υ
1026 2015 1044 2023 -
1055 1995 1074 2023 υ
1085 2013 1103 2023 .
1115 1995 1135 2024 υ
1146 2015 1163 2024 -
1175 1996 1194 2024 υ
1206 1989 1240 2024 α.
1254 2017 1271 2028 .

303 2056 448 2129 πρέπουσά
466 2052 495 2112 θ’
515 2052 553 2123 ὥς
571 2055 601 2113 ἐν
620 2066 748 2133 γραφαῖς,
767 2057 967 2130 προσεννέπειν
997 2085 1016 2112 υ
1027 2104 1045 2113 -
1057 2085 1075 2112 o
1088 2093 1122 2112 m
1134 2102 1152 2112 -
1164 2084 1183 2113 υ
1194 2107 1212 2115 -
1224 2086 1244 2114 υ
1255 2107 1274 2118 ..
1285 2087 1304 2114 υ
1316 2105 1333 2114 -
1407 2063 1422 2114 5

303 2141 423 2213 δέλουά,
442 2145 503 2202 ἐπεί
521 2145 654 2214 πολλάκις
995 2167 1217 2206 mom-ou.

303 2232 409 2309 πατρὸς
425 2233 486 2292 κατ’
505 2231 649 2309 ἀνδρῶνας
667 2233 853 2309 εὐτραπέζους
996 2265 1015 2292 υ
1026 2284 1044 2294 -
1056 2265 1074 2292 υ
1087 2272 1121 2292 ι-
1133 2283 1151 2292 -
1163 2265 1182 2293 υ
1193 2283 1211 2292 -
1223 2267 1242 2294 υ
1255 2273 1289 2294 μ
1303 2287 1321 2296 -

304 2321 432 2398 ἔμελψεν.
453 2319 524 2398 ἀγνά
542 2321 567 2381 δ’
586 2323 747 2399 ἀταύρωτος
764 2323 835 2401 αάδᾷ
853 2325 960 2400 πατρός
996 2354 1014 2382 υ
1026 2373 1043 2382 -
1055 2355 1074 2382 o
1086 2361 1120 2382 ι.
1133 2373 1150 2383 .
1162 2355 1181 2383 υ
1193 2363 1228 2384 2..
1241 2376 1259 2386 -
1271 2358 1290 2384 υ
1302 2364 1338 2384 μ.
1350 2375 1368 2384 -
1378 2355 1395 2383 o
1404 2346 1421 2380 a

304 2417 386 2486 φίλου
404 2412 604 2491 τριτόσπονδον
622 2410 764 2485 εὔποτμον
782 2434 843 2471 παι·
998 2443 1293 2474 υ-υι.-υ-υι..
1306 2465 1324 2473 -

304 2510 356 2560 ᾶνα
375 2507 463 2575 φίλως
481 2502 569 2576 ἐτίμα.
999 2552 1017 2560 -
1029 2534 1107 2563 oo-
1119 2532 1164 2562 υ-
1176 2525 1195 2562 ῡ
1392 2506 1419 2560 10

393 2597 458 2662 Qua
480 2613 566 2652 causa
590 2597 723 2651 commoti
746 2615 799 2652 vas.
820 2597 849 2666 3,
867 2598 899 2665 4,
923 2599 939 2652 5
962 2598 1002 2652 sic
1026 2597 1273 2669 descripserimus,
1298 2615 1362 2670 pag.
1382 2596 1421 2648 47.

304 2686 464 2740 accuratius
483 2685 678 2754 disseruimus,
702 2685 752 2740 ubi
773 2686 809 2741 de
828 2684 1009 2757 pentapodiis
1032 2685 1172 2741 similibus
1190 2685 1283 2742 verba
1301 2687 1422 2742 fecimus.

303 2774 383 2828 Nihil
407 2774 453 2829 hic
478 2774 640 2830 addendum
668 2791 783 2843 censeo,
811 2776 880 2830 satis
903 2775 970 2843 erit,
999 2776 1104 2830 iterum
1127 2777 1272 2834 monuisse
1296 2790 1422 2832 versuum

305 2866 409 2919 formas
433 2870 463 2919 et
485 2862 568 2929 τονάς
591 2863 669 2919 haud
693 2864 805 2920 felicius
829 2882 846 2919 a
869 2873 955 2936 poeta
977 2866 1099 2920 inveniri
1121 2867 1264 2936 potuisse,
1289 2883 1374 2939 quam
1395 2879 1423 2916 re

304 2971 371 3042 vera
394 2954 488 3010 factae
510 2960 590 3044 sunt,
614 2954 752 3045 imprimis
775 2951 843 3022 τονὴ
869 2954 922 3009 sub
946 2955 1032 3011 finem
1055 2972 1188 3010 versuum
1215 2962 1263 3011 ter
1290 2955 1422 3027 repetita:

304 3042 419 3132 χεοῖίσα,
438 3043 576 3133 θυτῆροιν,
595 3042 730 3134 φιλοίκτῳ
743 3062 865 3116 multum
878 3062 989 3117 confert
1008 3061 1044 3115 ad
1063 3062 1288 3117 misericordiam
1301 3061 1423 3118 excitan-

304 3151 383 3220 dam,
406 3150 443 3204 ad
466 3167 552 3223 quam
575 3151 769 3222 unusquisque
794 3150 896 3206 adduci
920 3150 1020 3217 debet,
1049 3152 1098 3221 qui
1120 3152 1192 3206 haec
1217 3152 1308 3207 verba
1330 3149 1423 3219 aliqua

304 3247 416 3296 tantum
440 3241 527 3294 animi
550 3242 709 3297 attentione
737 3241 868 3312 perlegit.
892 3271 925 3280 —-
953 3241 1173 3310 Pherecratem,
1201 3243 1251 3312 qui
1280 3240 1421 3312 stropham

304 3330 377 3386 bene
396 3329 513 3396 claudit,
533 3347 562 3384 se
581 3330 675 3400 ipsum
693 3329 832 3399 defendit,
851 3346 917 3384 cum
936 3335 1123 3400 praeparetur
1141 3330 1260 3400 syllabis
1279 3326 1420 3402 productis

304 3437 401 3475 versus
419 3418 616 3475 antecedentis
633 3409 775 3488 εὔποτμον
793 3436 855 3474 παι-
868 3463 885 3473 .
897 3445 916 3473 υ
928 3436 962 3472 na
976 3439 1001 3486 ι,
1021 3419 1072 3474 ubi
1089 3421 1147 3473 iam
1165 3420 1317 3490 rhythmus
1336 3415 1418 3487 magia

305 3508 487 3576 descendens,
507 3527 592 3580 quam
605 3509 761 3566 ascendens
780 3516 908 3581 apparet.
946 3509 976 3566 Si
995 3527 1052 3564 non
1068 3527 1186 3581 semper,
1205 3516 1236 3565 at
1250 3515 1348 3566 tamen
1365 3522 1420 3562 sae·

304 3600 368 3670 pius
387 3605 501 3669 poetam
521 3616 557 3654 ex
575 3600 630 3653 hoc
649 3599 784 3669 rhythmo
803 3600 833 3654 in
852 3601 934 3654 illum
953 3600 1062 3654 animos
1080 3600 1230 3656 traducere
1247 3600 1376 3656 videmus
1394 3598 1420 3648 et

305 3705 387 3743 aures
406 3687 596 3756 audientium,
620 3705 693 3761 quae
712 3689 795 3742 initio
814 3689 949 3758 rhythmo
969 3689 1060 3744 altero
1080 3695 1209 3745 assuetae
1228 3691 1293 3758 sint,
1315 3686 1420 3760 paulla-

305 3779 357 3833 tim
375 3777 511 3847 rhythmo
524 3785 661 3848 sequente
674 3778 883 3845 consuefacere,
902 3795 939 3832 ne
958 3779 1095 3833 transitus
1109 3780 1193 3834 nimis
1212 3778 1327 3851 abrupti
1339 3777 1420 3837 fiant

306 3866 382 3939 quod
403 3867 489 3921 etiam
509 3867 664 3922 Christium
683 3884 741 3922 non
759 3868 847 3938 fugit,
872 3885 936 3922 cum
956 3868 1066 3938 dicit¹):
1093 3869 1138 3939 ,in
1162 3869 1238 3924 allen
1262 3866 1420 3934 derartigen

305 3957 449 4028 Strophen
467 3957 519 4011 mit
537 3957 763 4027 rhythmischem
774 3959 906 4013 Wechsel
925 3964 1034 4013 stossen
1054 3958 1122 4014 aber
1141 3959 1187 4014 die
1202 3955 1420 4014 verschiedenen

304 4045 453 4101 Elemente
473 4046 554 4101 nicht
573 4047 645 4100 rauh
664 4046 723 4100 und
738 4048 935 4102 unvermittelt
955 4047 1150 4117 aufeinander,
1169 4047 1291 4102 sondern
1304 4047 1354 4100 hat
1372 4041 1420 4095 der

305 4136 425 4189 Dichter
448 4135 511 4190 eine
530 4135 756 4206 Hauptaufgabe
775 4137 867 4190 seiner
886 4137 980 4192 Kunst
1000 4136 1081 4190 darin
1104 4137 1237 4206 gesucht,
1261 4136 1316 4191 den
1339 4132 1419 4188 einen

397 4299 419 4366 1)
439 4297 521 4351 Matr.
542 4313 606 4367 pag.
627 4298 687 4351 631.
