3176 5060
731 307 952 364 -36-

281 477 395 548 pennis,
418 483 476 532 tam
499 477 618 533 leviter“
637 477 788 548 significat.
827 479 893 531 Huc
913 477 1032 544 accedit,
1052 477 1129 549 quod
1148 478 1267 532 numeri
1287 475 1418 542 iambici,

282 567 330 636 qui
353 583 404 637 per
427 573 518 621 totam
541 566 689 638 stropham
712 567 818 638 primas
842 573 938 638 partes
961 573 1095 638 egerunt,
1120 566 1174 621 hoo
1199 567 1311 621 ultimo
1332 583 1418 620 versu

281 656 364 710 initio
383 655 498 726 quidem
520 657 690 724 retinentur,
710 658 768 726 (υ-
780 683 798 708 υ
810 662 837 726 -)
857 657 953 712 subito
977 663 1074 711 autem
1097 655 1272 727 logaoedico
1298 654 1419 722 cedunt,

281 761 369 816 quare
388 745 539 815 rhythmus
552 747 650 816 vigore
669 752 698 800 et
717 746 867 802 alacritate
886 752 1016 818 augetur,
1035 745 1112 817 quod
1131 746 1252 816 egregie
1273 745 1313 799 ad
1327 744 1419 800 verba

282 834 372 904 „sieut
391 834 494 905 pulvis,
513 835 573 888 sine
592 835 703 905 pennis,
722 834 825 890 leviter
843 835 971 890 evolem“
990 835 1120 905 quadrat.

351 1005 376 1072 a)
395 1003 492 1073 iambi,
511 1003 638 1075 phereer.
659 1004 799 1070 catalect,
819 1004 993 1060 clauduntur
1011 973 1062 1076 per
1081 1004 1209 1076 pherecr.
1231 1003 1344 1058 acatal.

371 1112 455 1181 sept.
474 1113 542 1168 910:

496 1203 650 1283 ὁμόσποροι
669 1213 738 1280 δῆτα
756 1213 803 1266 καί
821 1209 999 1284 πανώλεθροι
1034 1237 1052 1263 o
1064 1256 1082 1264 -
1093 1237 1112 1264 o
1125 1244 1159 1263 a.
1172 1256 1189 1264 -
1202 1237 1221 1263 υ
1234 1255 1253 1264 -
1266 1235 1287 1263 υ
1301 1255 1319 1264 -
1333 1237 1353 1263 υ
1363 1255 1382 1262 -
1403 1211 1416 1263 1

495 1303 657 1372 διαρταμαῑς
675 1291 710 1355 οὗ
729 1303 830 1369 φίλαις,
1032 1327 1051 1354 υ
1062 1346 1079 1354 -
1091 1327 1110 1354 υ
1122 1337 1156 1354 a.
1169 1346 1188 1355 -
1199 1327 1219 1354 υ
1231 1346 1250 1355 -

495 1382 564 1462 ἔριδι
582 1389 738 1463 μαινομένᾳ
1035 1403 1233 1445 ocem)-

495 1479 601 1543 νείκεος
618 1474 649 1533 ἐν
667 1483 782 1553 τελευτᾷ
1034 1505 1112 1532 ,ου
1124 1524 1141 1533 -
1154 1505 1202 1532 o-
1214 1495 1234 1532 ῡ
1400 1479 1417 1532 4

371 1568 453 1623 Haec
481 1569 599 1639 stropha
626 1569 729 1640 incipit
752 1585 769 1622 a
791 1569 940 1640 rhythmo,
968 1569 1017 1639 qui
1044 1569 1089 1624 his
1117 1569 1208 1624 modis
1237 1567 1417 1640 lugubribus

282 1656 391 1726 optimo
409 1657 471 1711 iure
490 1658 639 1712 convenit:
662 1675 745 1713 versu
763 1658 886 1712 iambico
905 1663 1072 1729 syncopato,
1090 1665 1124 1713 ut
1142 1659 1216 1714 aliae
1236 1659 1329 1712 huius
1349 1673 1416 1712 cau·

283 1745 333 1798 tici
356 1746 498 1816 strophae.
542 1745 599 1802 Sed
623 1763 706 1800 versu
726 1747 741 1800 3
760 1747 864 1801 iterum
888 1748 998 1802 numeri
1022 1746 1248 1802 turbulentiores
1273 1764 1338 1802 sese
1364 1747 1417 1800 im·

283 1834 411 1903 miscent,
431 1835 481 1905 qui
492 1851 544 1889 sua
557 1841 638 1906 parte
653 1835 800 1906 eleganter
813 1835 898 1890 electi
911 1842 978 1890 sunt
991 1836 1028 1891 ad
1044 1836 1231 1906 „discordiam
1245 1836 1416 1890 fruentem“

283 1921 501 1994 depingendam.
538 1924 643 1979 Exitus
661 1924 795 1995 strophae
815 1931 911 1979 autem
931 1926 1090 1980 necessario
1113 1943 1164 1996 per
1187 1926 1414 1997 pherecrateum

283 2012 434 2083 fingendus
453 2020 522 2082 erat,
542 2031 607 2068 eum
626 2015 687 2085 ipso
701 2031 784 2069 versu
802 2014 838 2069 de
857 2014 914 2070 fine
933 2014 1097 2070 certaminis
1115 2015 1237 2084 dicatur,
1257 2015 1414 2086 pherecra-

283 2107 346 2156 teus
365 2108 461 2157 autem
480 2103 602 2157 multum
621 2103 658 2157 ad
677 2105 823 2158 notionem
843 2103 942 2172 „liuis“
961 2104 1161 2159 illustrandam
1179 2104 1286 2160 valeat.

377 2263 402 2333 f)
422 2262 518 2332 iambi,
537 2264 747 2334 pherecrateus,
766 2263 866 2320 iambi:
886 2265 1059 2320 clauduntur
1078 2284 1128 2336 per
1148 2266 1315 2321 trimetrum

661 2353 815 2410 iambicum
833 2362 1030 2427 syncopatum.
1323 2357 1325 2360 ’

375 2454 477 2521 agam.
496 2454 581 2509 1492:

375 2537 509 2611 άμηχανῶ
530 2543 680 2613 φροντίδος
697 2545 840 2614 στερηθείς
1027 2570 1045 2596 o
1057 2587 1074 2598 .
1087 2570 1105 2596 υ
1117 2577 1151 2596 ι.
1164 2590 1181 2598 ..
1194 2570 1212 2596 υ
1223 2589 1242 2596 -
1254 2570 1274 2596 υ
1287 2560 1322 2594 α.
1336 2562 1354 2596 r
1395 2542 1406 2593 1

375 2627 545 2699 εὐπαλάμων
562 2637 698 2704 μεριμνᾶν
1205 2650 1222 2658 “

375 2707 431 2792 baec
449 2718 606 2792 τράπωμαι,
624 2723 771 2786 πίτνοντος
788 2717 875 2777 οίκον.
1026 2748 1046 2777 υ
1057 2766 1074 2775 -
1086 2749 1105 2775 υ
1117 2755 1151 2776 t...
1164 2766 1181 2775 -
1193 2748 1212 2776 υ
1223 2767 1241 2776 -
1253 2748 1273 2777 υ
1286 2756 1322 2775 r.
1334 2765 1353 2774 -

375 2808 487 2864 δέδοικα
506 2805 530 2864 θ’
551 2800 658 2883 ὄμβρον
676 2807 784 2867 κτύπον
803 2814 967 2880 δομοσφαλῆ
1025 2838 1044 2865 υ
1055 2857 1074 2866 -
1085 2838 1104 2865 o
1116 2845 1151 2865 ι.
1163 2858 1182 2866 -
1193 2838 1212 2865 c
1223 2854 1241 2862 -
1253 2838 1273 2864 υ
1285 2857 1303 2865 -
1315 2837 1335 2864 υ
1346 2857 1364 2865 -

375 2893 425 2952 τὸν
443 2895 602 2970 αἱματηρόν.
626 2894 721 2969 ψακὰς
738 2898 769 2954 δὲ
786 2896 872 2971 λήγει.
1027 2927 1046 2954 υ
1057 2945 1074 2954 -
1087 2925 1105 2954 υ
1117 2935 1151 2954 ι-
1163 2947 1182 2956 -
1193 2927 1212 2954 o
1224 2946 1241 2955 -
1254 2928 1274 2955 o
1288 2934 1324 2955 ι..
1336 2947 1354 2955 -
1391 2901 1407 2952 5

375 2988 437 3041 δίκα
456 2982 480 3041 θ’
492 2982 536 3042 ἐπ’
552 2981 618 3044 άλλο
637 2993 752 3060 πρᾶγμα
770 2988 887 3060 θηγάνει
903 2987 1007 3061 βλάβης
1024 3015 1042 3044 υ
1053 3035 1071 3044 -
1083 3017 1102 3044 υ
1113 3036 1130 3045 -
1143 3018 1162 3044 υ
1173 3037 1190 3046 -
1202 3016 1220 3044 o
1231 3035 1249 3044 -
1262 3019 1281 3046 υ
1293 3039 1312 3047 -
1324 3017 1342 3044 υ
1354 3033 1371 3042 -

375 3071 446 3148 πρὸς
463 3067 558 3144 άλλαις
576 3075 722 3148 θηγάναισι
741 3081 843 3152 Μοῖρα.
1027 3107 1046 3134 ο
1058 3115 1092 3134 m
1105 3114 1140 3134 a.
1153 3127 1170 3136 -
1182 3107 1201 3134 υ
1211 3126 1229 3134 -
1241 3107 1261 3133 υ
1273 3115 1309 3135 2„
1322 3099 1341 3135 a

373 3167 474 3239 Neque
493 3169 541 3223 hic
558 3169 761 3241 pherecrateus
780 3172 827 3241 (V.
845 3172 872 3242 2)
890 3171 951 3226 sine
971 3171 1031 3225 ulla
1049 3172 1250 3234 coniunctione
1270 3173 1308 3228 ad
1328 3177 1406 3227 ante·

285 3256 433 3312 cedentem
452 3274 564 3313 versum
583 3275 613 3314 se
632 3259 771 3330 applicat:
791 3261 935 3333 στερηθείς

817 3358 836 3385 υ
848 3348 882 3383 L
910 3351 928 3386 L

787 3415 957 3490 εὐπάλαμον

807 3537 825 3546 -
842 3517 883 3546 w
918 3537 936 3547 ..
955 3499 1008 3549 ebe.

284 3578 417 3633 Ceterum
436 3579 472 3632 ad
491 3580 699 3650 antistropham
719 3583 914 3638 annotandum
934 3589 984 3650 est,
1007 3583 1130 3638 feliciter
1148 3584 1189 3638 ibi
1208 3585 1301 3641 tribus
1320 3583 1402 3640 versi·

284 3667 337 3722 bus
357 3670 555 3740 (1521-1523)
574 3669 643 3724 bina
661 3671 762 3740 verba,
786 3690 858 3744 quae
877 3674 958 3744 paria
976 3679 1056 3739 sunt,
1079 3679 1129 3738 aut
1148 3673 1203 3728 sibi
1221 3674 1401 3747 respondent,

283 3758 325 3812 ita
348 3758 442 3813 locum
471 3759 501 3813 in
524 3777 607 3815 versu
632 3778 746 3833 quoque
769 3767 880 3828 tenere,
904 3767 937 3816 ut
963 3763 1084 3832 primum
1113 3761 1253 3834 iambum,
1281 3765 1400 3819 alterum

283 3849 387 3902 iterum
405 3846 531 3903 iambum
550 3851 671 3906 efficiat:
1121 3851 1127 3858 ’

604 3940 700 4012 φέρει
719 3935 844 4012 φέροντ’
864 3942 953 4012 (1521)

638 4038 656 4064 υ
741 4038 759 4065 υ
779 4029 812 4064 a„

603 4101 714 4168 μίμνει
734 4100 764 4156 δὲ
782 4103 945 4170 μίμνοντος
964 4104 1054 4173 (1522)

629 4189 647 4225 ῦ
701 4218 718 4227 ,.
747 4200 766 4227 υ
797 4208 831 4226 ι..
851 4181 904 4230 etc.

601 4265 720 4317 παθεῖν
739 4258 789 4318 τὸν
808 4257 941 4334 ἕρξαντα
960 4265 1051 4335 (1523)

620 4360 638 4388 υ
668 4380 686 4388 -
758 4361 776 4387 υ
821 4369 856 4387 ι..
874 4343 994 4391 ..ceto
