3176 5060
731 299 950 356 ...74-

370 469 460 524 Plane
479 470 615 526 evitanda
627 477 671 527 est
683 473 819 540 Reiteri¹)
838 471 992 540 responsio,
1012 471 1061 540 qui
1080 475 1192 524 textum
1212 475 1313 524 tenens
1332 469 1402 522 haec

280 557 336 612 sibi
353 559 525 629 respondere
544 561 619 616 vult:
638 564 703 626 Ζεῦ,
722 564 786 626 Ζεῦ,
804 557 935 614 κάτωθεν
952 553 1122 626 ἀμπέμπων·
1157 575 1175 612 u
1187 603 1205 613 -
1218 583 1236 611 υ
1248 603 1266 614 .
1278 583 1297 612 υ
1309 604 1326 611 -
1339 575 1355 609 v
1368 602 1385 611 -

637 655 701 718 φεῦ,
719 655 783 718 φεῦ,
801 646 911 720 κάρανα
929 645 1024 714 δαΐξας
1158 663 1198 700 ῡ.
1218 674 1237 700 υ
1248 692 1266 702 .
1278 673 1297 700 υ
1308 673 1326 700 υ
1338 680 1372 699 ι-
1385 693 1404 700 -

370 738 433 793 447.
464 738 637 794 Incredibile
652 745 704 805 est,
717 739 906 806 Piolrelium2)
927 738 1004 792 hunc
1023 738 1250 808 pherecrateum,
1270 753 1326 807 quo
1345 753 1402 790 non

280 825 353 878 clius
372 826 462 895 magis
485 826 611 882 indolem
631 827 811 898 pherecratei
829 843 899 897 prae
919 843 948 880 se
968 825 1093 895 ferebat,
1117 825 1272 880 iambicum
1291 841 1404 880 versum

280 915 494 970 existimavisse.
532 916 615 971 Unde
635 917 702 971 talis
720 917 864 971 sententia
883 922 952 970 nata
971 917 1017 984 sit,
1035 915 1091 970 iam
1111 931 1176 986 pag.
1195 917 1229 968 25
1249 914 1404 986 explicavi·

280 1021 349 1057 mus.
388 1005 473 1074 Legit
492 1005 552 1060 hie:
572 999 623 1072 ξέν
642 1004 673 1060 δὲ
690 1010 775 1074 γενοῦ
794 1001 864 1076 πρὸς
882 1000 1002 1075 ἐχθρούς

599 1123 616 1132 -
646 1089 666 1130 ύ
686 1103 704 1130 υ
735 1111 769 1129 ι.
823 1101 841 1129 υ
886 1120 903 1128 ..
939 1109 974 1128 i...

369 1165 422 1218 810
440 1179 505 1234 sqq.
542 1165 642 1236 Neque
662 1166 708 1220 hie
727 1166 865 1220 iambicos
884 1166 1052 1235 praeferam.
1090 1166 1164 1219 Tota
1186 1165 1261 1218 enim
1284 1163 1405 1233 stropha

280 1259 309 1307 et
333 1270 430 1307 versus
453 1256 654 1326 antistrophici
678 1256 796 1318 docent,
824 1255 860 1308 de
884 1254 948 1308 aliis
976 1254 1101 1308 numeris
1125 1253 1308 1323 cogitandum
1333 1269 1404 1320 esse,

279 1360 345 1396 nam
364 1343 430 1397 inde
446 1344 486 1398 ‚ab
506 1345 588 1400 initio
603 1345 741 1399 trochaici
755 1362 852 1399 versus
870 1345 912 1398 ita
930 1350 1058 1411 currunt,
1078 1349 1110 1396 ut
1129 1342 1244 1397 iambici
1263 1343 1405 1412 impetum

280 1448 312 1484 ac
332 1449 444 1486 cursum
464 1433 663 1503 rhythmorum
682 1435 742 1488 sine
762 1450 849 1487 causa
868 1434 1050 1487 sustinerent.

368 1540 435 1595 932:
464 1532 545 1594 ἔλασε
569 1534 593 1594 δ’
617 1534 832 1607 scrinioli
855 1536 1053 1610 τινάσχρὴστας
1076 1535 1173 1607 φυγάς.
1216 1539 1311 1592 Possis
1334 1555 1403 1592 vero

280 1645 393 1682 versum
412 1629 453 1682 sic
472 1630 579 1683 metiri:
600 1630 885 1698 dochmium-l-dim.
904 1629 990 1683 iamb.
1011 1630 1034 1683 3.
1049 1629 1122 1698 pede
1141 1645 1219 1698 sync.
1251 1627 1308 1682 Sed
1321 1627 1404 1681 Obri-

279 1718 377 1785 stius³)
396 1718 534 1788 exemplis
553 1735 588 1772 ex
608 1718 671 1772 aliis
685 1719 791 1772 fabulis
810 1719 908 1788 petitis
927 1719 996 1772 satis
1015 1717 1230 1781 demonstravit,
1249 1717 1296 1770 hic
1309 1717 1403 1770 solum

279 1806 315 1860 de
338 1806 459 1861 dimetro
483 1807 629 1861 trochaico
657 1807 788 1861 catalect.
813 1819 861 1859 co
872 1834 890 1859 o
902 1853 919 1860 -
932 1833 950 1859 υ
962 1853 979 1860 -
992 1832 1010 1858 υ
1022 1851 1040 1859 -
1064 1813 1093 1860 et
1116 1806 1249 1860 dochmio
1274 1806 1404 1875 cogitan-

279 1895 347 1948 dum
366 1895 457 1964 esse.⁴)

368 2003 390 2055 E
547 2041 555 2058 .

369 2003 569 2156 ldltdloilddidddd,
587 2088 689 2157 πύπαξ.
724 2091 820 2146 Verba
833 2108 890 2145 non
910 2108 961 2160 pro
980 2091 1106 2161 tripodis
1125 2090 1248 2145 iambica
1266 2089 1403 2145 habenda

279 2264 324 2321 ἰού
342 2268 526 2338 corripitur.⁶)
546 2299 579 2304 --
599 2269 680 2322 Idem
699 2269 776 2323 cadit
795 2269 824 2322 in

368 2375 438 2444 252,
462 2375 511 2444 qui
535 2375 575 2428 sic
594 2375 733 2445 legendus
752 2381 807 2429 est:
833 2362 886 2445 ἔρα
905 2361 957 2445 ἔρα
975 2369 1040 2442 μάλ’
1060 2363 1113 2430 ord:
1131 2385 1238 2428 ooo-
1250 2400 1311 2444 o-,
1335 2391 1401 2428 cum

279 2483 296 2517 α
315 2465 437 2534 primum
456 2463 532 2518 idem
552 2465 754 2534 corripiaturfl)

367 2572 434 2627 528:
462 2571 537 2626 Sane
564 2572 612 2625 hic
640 2573 790 2626 trochaeos
819 2578 1031 2642 exspectamus,
1059 2589 1116 2626 non
1144 2571 1267 2639 iambos,
1296 2571 1400 2642 quibus

278 2659 538 2728 Wilamowitzius')
553 2661 649 2714 fautor
667 2661 785 2714 exstitit.
817 2661 924 2714 Ismbis
944 2661 1019 2713 enim
1033 2661 1106 2715 nihil
1119 2661 1228 2731 negotii
1247 2665 1291 2714 est
1309 2662 1399 2713 —nisi

277 2765 379 2803 causae
398 2766 498 2819 graves
517 2750 618 2804 iubent
639 2782 671 2788 —
690 2751 720 2803 in
739 2751 865 2820 stropha,
885 2766 958 2820 quae
978 2750 1063 2820 plane
1083 2767 1119 2804 ex
1138 2741 1263 2804 numeris
1282 2749 1400 2804 descen-

277 2836 411 2892 dentibus
431 2843 551 2892 constat.
583 2838 715 2893 Ceterum
735 2839 917 2908 antistropha
936 2844 1015 2892 recta
1034 2845 1125 2892 metra
1144 2839 1272 2909 praebet,
1292 2840 1399 2908 quippe

278 2943 350 2996 quae
374 2927 419 2979 his
437 2926 565 2980 versibus
589 2926 718 2979 finiatur:
741 2928 789 2979 καὶ
807 2927 968 2993 ξενοτίμονς
985 2928 988 2996 )
1005 2923 1142 2994 δωμάτων
1160 2921 1331 2998 ἐπιστροφάς
1343 2927 1346 2998 )
1359 2926 1399 2980 αἰ-

277 3011 396 3082 δόμενός
414 3033 455 3078 τις
473 3008 553 3069 ἔστω.

366 3105 486 3174 Septem
504 3105 554 3160 882
577 3107 631 3176 βοᾷ
650 3098 721 3174 ὑπὲρ
740 3103 860 3173 τειχέων.
898 3106 985 3159 Hunc
1005 3123 1118 3158 versum
1138 3123 1195 3158 nou
1217 3106 1292 3159 inter
1311 3105 1400 3160 doch-

277 3195 347 3248 mios
370 3195 525 3264 praemisso
550 3194 645 3248 iambo
664 3194 837 3260 rettulerim,
861 3211 925 3248 cum
950 3194 1138 3265 monopodiae
1161 3195 1300 3249 iambicae
1324 3185 1401 3250 solas

276 3417 444 3488 productam
465 3416 557 3482 duxit,
581 3433 647 3469 nam
667 3434 703 3470 ex
722 3417 785 3471 loco
804 3417 958 3470 Homerico
979 3417 1022 3486 (Il.
1043 3417 1100 3485 IX,
1119 3418 1182 3486 497)
1202 3417 1337 3487 Aeschyli
1356 3418 1400 3471 fa-

276 3498 351 3551 bulis
374 3497 446 3550 nihil
466 3498 617 3550 lucramur.
649 3527 681 3536 -
711 3499 737 3567 1)
757 3498 775 3551 l.
795 3499 813 3551 l.
833 3515 898 3568 pag.
921 3499 978 3551 152.
1008 3529 1042 3536 -
1071 3499 1098 3564 2)
1118 3498 1136 3550 l.
1156 3498 1174 3550 l.
1193 3513 1258 3568 pag.
1280 3499 1338 3553 156.
1362 3531 1399 3538 —

276 3579 303 3647 3)
322 3577 405 3631 Metr.
425 3593 489 3646 pag.
504 3578 564 3629 442.
583 3609 619 3615 -
638 3578 664 3646 4)
685 3577 720 3632 cf.
734 3578 802 3631 Eur.
815 3577 925 3634 Phoen.
940 3578 1022 3633 1287:
1043 3571 1120 3642 ἔλεος
1139 3571 1216 3642 ἔλεος
1233 3571 1316 3645 ἔμολε
1327 3579 1396 3650 ματ)

276 3656 340 3728 ἔρος
362 3659 482 3720 δειλαίας
487 3677 497 3719 ,“
520 3668 567 3708 du
579 3682 597 3708 υ
609 3669 627 3708 d
638 3682 657 3708 υ
669 3682 687 3709 υ
699 3669 718 3708 o
729 3682 747 3709 υ
758 3684 777 3708 υ
789 3703 806 3710 -
825 3658 827 3727 l
843 3683 861 3709 υ
873 3703 891 3711 -
903 3704 920 3712 -
934 3675 952 3710 ῡ
963 3702 988 3713 -.
1032 3659 1100 3712 Eur.
1124 3657 1214 3712 orest.
1242 3659 1322 3712 136Ῑὶ
1351 3654 1400 3712 did

276 3738 354 3800 δίκας
372 3730 423 3807 ἔβα
435 3738 511 3790 θεῶν
523 3735 526 3808 )
538 3734 647 3803 νέμεσις
664 3731 693 3800 ἐς
710 3729 834 3792 Ἑλέναν;
852 3750 927 3790 cuo
939 3784 955 3792 -
968 3763 1015 3791 o-
1027 3763 1045 3789 ω
1057 3783 1074 3790 -
1086 3738 1089 3808 )
1101 3749 1238 3790 cocco
1250 3764 1268 3790 o
1280 3783 1298 3792 -
1310 3737 1397 3792 Rhes.

277 3819 341 3872 136:
360 3811 434 3888 παρά
445 3808 507 3870 κατ’
520 3810 681 3888 ἀντίπρῳρα
694 3812 882 3883 ναυστάθμων
896 3818 1017 3872 δαίεται.·
1030 3829 1101 3869 coo
1111 3862 1128 3871 -
1137 3844 1155 3869 υ
1164 3863 1182 3872 ,
1191 3844 1209 3869 o
1218 3819 1250 3889 -)
1261 3844 1396 3872 ......

276 3932 310 3939 —
330 3899 357 3966 5)
376 3896 411 3951 de
431 3913 488 3966 qua
507 3896 685 3966 correptione
699 3897 806 3950 voculis
825 3897 982 3966 productae
996 3898 1031 3951 cf.
1043 3893 1396 3967 Westph.-Gleditschium

278 3976 415 4047 „Theorie
435 3975 461 4029 d.
480 3976 587 4045 griech.
600 3975 702 4030 Μεννά
723 3993 787 4046 pag.
804 3976 863 4044 128,
883 3976 947 4032 adn.
967 3983 996 4031 et
1009 3976 1190 4031 Dindorfium
1208 3978 1238 4031 in
1257 3979 1345 4048 praef.
1358 3979 1396 4032 ad

276 4057 378 4112 Aesch.
398 4055 466 4111 edit.
487 4056 565 4124 1873,
584 4072 648 4125 pag.
669 4055 762 4110 XLII.
782 4059 810 4125 6)
830 4058 968 4127 exemplis
987 4075 1023 4111 ex
1042 4057 1105 4111 aliis
1124 4057 1279 4128 tragoediis
1297 4059 1397 4129 petitis

275 4140 330 4192 hoc
358 4137 574 4191 illustraverunt
598 4136 833 4206 Westph.-Gled.
859 4139 997 4206 „Theorie
1023 4138 1049 4193 d.
1074 4139 1180 4208 griech.
1205 4139 1305 4193 Metr.“
1329 4156 1395 4210 pag.

277 4219 341 4286 124,
364 4218 400 4271 cf.
420 4216 566 4270 Klotzium
593 4216 735 4285 „Grundu
754 4217 780 4270 d.
801 4218 913 4271 altriim.
933 4218 1033 4272 Metr.“
1054 4236 1118 4288 pag.
1140 4220 1210 4274 123.·
1228 4251 1261 4258 —
1292 4220 1317 4289 7)
1338 4220 1357 4272 l.
1371 4220 1395 4272 l.

275 4315 340 4369 pag.
362 4299 403 4352 17.
