3176 5060
645 301 869 359 „79-

287 473 418 541 cnoepn.
438 473 507 528 θέλε

357 553 390 614 τό
408 564 464 614 πᾶν
482 555 588 627 ἀτίμως
606 552 707 644 έλεξας,
726 554 803 627 οἴμοι
959 585 978 612 o
990 604 1006 611 ..
1019 585 1037 611 o
1051 593 1085 611 μ
1098 602 1114 610 -
1128 585 1146 611 o
1159 601 1175 606 ..
1187 584 1206 611 υ
1218 571 1252 610 ι·-
1266 595 1283 608 ‹-
1304 560 1316 612 1

357 643 462 719 πατρός
481 643 504 702 δ’
525 642 659 716 ἀτίμωσιν
678 647 731 719 ιἰρα
749 649 818 702 τίσει
962 673 1285 701 memo-,om

357 731 433 791 ἕκατι
451 735 503 804 μὲν
522 734 664 804 δαιμόνων
962 763 1176 791 namo-

358 820 435 880 έκατι
454 821 478 880 δ’
497 819 572 894 δμᾶν
589 829 679 897 χερῶν
711 820 714 824 ’
962 853 1039 880 o-o
1053 859 1087 878 e.
1100 871 1117 878 -
1130 853 1177 880 υ.

357 908 441 968 ἔπειτ’
461 910 517 984 ἐγώ
538 915 672 983 νοσφίσας
691 909 834 982 όλοίμαν,’

187 1003 245 1057 ubi
264 1004 367 1058 tertius
390 1009 419 1057 et
439 1009 557 1073 quartus
576 1021 673 1057 versus
692 1003 812 1057 eandem
836 1005 960 1074 speciem
983 1021 1051 1074 prae
1071 1021 1101 1058 se
1120 1004 1230 1069 ferunt,
1254 1003 1320 1057 ulti·

187 1110 258 1146 mus
276 1092 352 1157 idem
370 1093 500 1146 trimeter
520 1093 544 1146 3.
559 1098 588 1146 et
601 1094 625 1147 6.
639 1092 712 1162 pede
731 1098 879 1162 syncopat.
900 1098 950 1146 est.
984 1093 1028 1146 De
1047 1109 1105 1163 qua
1123 1092 1241 1163 stropha
1254 1109 1320 1146 con·

187 1183 271 1236 feras
291 1181 475 1236 Geraertium
499 1181 529 1234 in
554 1181 689 1249 „histoire
709 1187 738 1234 et
760 1181 871 1234 theorie
891 1179 926 1234 de
949 1181 1068 1236 lamus.
1092 1180 1127 1235 de
1147 1180 1166 1233 l'
1186 1183 1261 1234 ant.“
1282 1181 1320 1248 Π,

187 1287 261 1341 pag.
284 1269 343 1323 198.

286 1358 418 1428 Ghoeph.
438 1359 505 1414 614:

303 1451 398 1501 κακῶν
417 1445 447 1501 δέ
466 1445 649 1518 πρεσβεύεται
667 1442 700 1501 τὸ
720 1443 845 1514 Λήμνιον

305 1533 389 1608 λόγῳ·
408 1540 507 1606 γοᾶται
526 1534 557 1590 δὲ
575 1531 608 1603 δὴ
627 1534 713 1590 τόθεν

306 1623 508 1680 κατάπτυστον·
529 1618 631 1693 ήκασεν
650 1623 681 1678 δέ
699 1641 741 1689 τις

306 1711 339 1768 τό
359 1712 451 1768 δεινόν
469 1705 504 1768 όέν
523 1715 670 1782 Λημνίοισι
689 1710 820 1781 πήμασιν.

304 1801 484 1874 θεοστυγήτῳ
504 1793 526 1856 δ
549 1793 610 1871 όγει

303 1895 415 1962 βροτῶν
434 1887 577 1958 ἀτιμωθὲν
596 1887 702 1959 οἴχεται
721 1891 802 1960 γένος

304 1979 378 2050 σέβει
397 1977 451 2050 γὰρ
469 1973 547 2044 οὔτις
564 1974 597 2034 τό
617 1979 747 2048 δυσφιλές
765 1984 849 2046 θεοῖς.
950 2006 1284 2033 υ-υι--υ-ο-ο-

303 2070 331 2122 τί
348 2063 429 2122 τῶνδ’
449 2062 502 2123 οὐκ
519 2065 635 2134 ἐνδίκως
653 2063 772 2140 όγείρω;
949 2096 1259 2123 chaom„
1304 2069 1321 2122 8

286 2158 466 2228 Quamquam
491 2159 520 2212 in
545 2160 706 2214 universum
732 2159 848 2214 Christii
872 2160 1044 2213 sententiam
1072 2159 1244 2229 amplector,
1272 2159 1321 2228 qui

195 2249 341 2302 verissime
349 2250 367 2316 ¹)
387 2248 470 2301 dicit:
492 2248 555 2316 „die
575 2248 646 2302 Zahl
667 2249 709 2302 als
728 2248 979 2303 Zauberschliissel
999 2249 1046 2302 fiir
1065 2249 1111 2302 die
1126 2248 1321 2302 Geheimnisse

194 2337 247 2390 des
259 2337 424 2406 Rhythmus
442 2355 477 2390 zu
490 2337 684 2407 gebrauehen,
703 2337 869 2391 iiberlassen
883 2339 932 2391 wir
951 2338 1006 2391 den
1019 2337 1205 2406 Mystilrern,“
1225 2343 1320 2390 tamen

195 2427 244 2480 hic
263 2426 357 2479 facere
377 2442 434 2480 non
454 2441 576 2495 possum,
596 2427 665 2494 quin
685 2425 821 2490 ordinem,
841 2428 890 2496 qui
909 2431 986 2480 certe
1005 2426 1060 2479 fuit
1079 2426 1109 2478 in
1122 2425 1176 2478 hac
1195 2425 1320 2494 stropha,

195 2515 302 2569 litteris
321 2513 565 2568 circumscribam:
585 2514 640 2567 hoc
659 2515 733 2567 enim
753 2514 868 2568 schema
886 2516 1009 2569 exstitit:

378 2611 394 2647 a

376 2597 438 2837 bn
506 2718 637 2772 Ceterum
662 2719 716 2772 hoc
741 2718 916 2787 Aeschylum
939 2719 1027 2789 sapit,
1054 2719 1201 2790 stropham
1226 2719 1322 2774 claudi

376 2771 396 2826 b
417 2799 436 2927 β
504 2808 635 2868 trimetro
655 2813 821 2877 syncopato,
841 2808 890 2878 qni
908 2808 1163 2878 intorrogationem
1184 2810 1320 2863 continet.

505 2896 540 2949 cf.
560 2895 687 2966 Ohoeph.
708 2896 773 2965 397,
797 2898 899 2967 Agam.
921 2898 1002 2965 1449,
1027 2897 1127 2968 Suppl.
1148 2900 1213 2966 579,
1237 2915 1322 2968 quem

506 3002 616 3039 versum
635 2986 665 3039 in
684 2986 939 3055 interrogationem
956 2986 1125 3040 mutandum
1138 3005 1207 3056 esse,
1227 3005 1272 3057 pg.
1288 2987 1321 3039 67

505 3075 713 3128 annotavimus.

838 3234 853 3267 l.

290 3287 398 3358 Suppl.
417 3291 486 3344 5702

305 3372 356 3429 τίν’
375 3367 410 3431 όὲν
428 3379 504 3431 θεῶν
522 3371 744 3445 ἐνδικωτέροισιν
976 3380 1319 3432 ammom-sl

305 3467 457 3534 κεκλοίμαν
475 3460 601 3533 εὐλόγως
617 3459 661 3518 ἐπ’
681 3457 789 3535 έργοις,·

308 3549 393 3618 αὐτός
413 3548 429 3608 ό
448 3547 540 3624 πατήρ
560 3547 718 3624 φυτουργὸς
736 3548 869 3625 αὐτόχειρ
888 3544 959 3619 ἄναξ
975 3601 992 3608 -
1005 3568 1024 3606 o
1035 3581 1268 3610 oo-o„o-o-
1279 3583 1322 3610 o..

306 3642 404 3712 γένους
422 3639 606 3714 παλαιόφρων
624 3641 712 3711 μέγας
975 3670 993 3696 o
1005 3689 1022 3696 -
1036 3670 1054 3696 υ
1066 3691 1083 3698 -
1095 3672 1114 3696 υ
1126 3691 1143 3698 -
1154 3671 1174 3697 υ
1185 3691 1202 3698 -

307 3729 420 3797 τέκτων,
440 3725 473 3787 τό
492 3735 548 3786 πᾶν
567 3735 661 3802 μῆχαρ
681 3723 776 3803 οόριος
795 3730 873 3796 Ζεύς.
976 3736 1322 3788 ῡ-υε.-υ-υμ,5

290 3820 404 3891 Optime
424 3822 460 3875 ad
479 3823 748 3892 interrogationem,
772 3839 844 3893 quae
869 3822 981 3876 duobus
999 3824 1135 3878 trimetris
1158 3825 1323 3893 syncopatis

129 3968 138 3979 ,
198 3911 295 3982 posita
313 3917 369 3978 est,
393 3912 521 3965 trimeter
541 3928 598 3964 non
617 3917 791 3981 syncopatus
810 3913 855 3980 (V.
874 3912 901 3980 3)
925 3912 1090 3981 respondet,
1114 3929 1180 3965 nam
1199 3929 1267 3965 sane
1286 3912 1322 3965 ad

198 4001 439 4070 interrogationes
458 4001 484 4054 ei
503 4017 600 4054 versus
619 4000 757 4069 aptissimi
776 4004 850 4065 sunt,
875 4001 925 4070 qui
943 3999 1068 4068 syllabas
1087 4017 1138 4070 per
1156 3997 1240 4067 τονήν
1259 4018 1322 4070 pro-

200 4089 302 4143 ductas
325 4089 584 4158 comprehendunt,
608 4107 673 4142 cum
692 4105 858 4158 responsum
881 4089 974 4159 ipsum
998 4106 1048 4158 per
1067 4106 1180 4142 versum
1204 4089 1323 4144 redden-

199 4178 270 4231 dum
292 4178 342 4243 sit,
366 4178 445 4231 cuius
469 4177 556 4247 pedes
580 4178 703 4232 universi
726 4177 804 4248 pleni
828 4178 893 4231 sint.
935 4177 996 4231 Nec
1019 4178 1080 4232 sine
1103 4176 1244 4231 industria
1267 4196 1323 4232 vox

294 4305 318 4370 l)
339 4302 421 4355 Matr.
441 4319 505 4372 pag.
527 4302 588 4358 624.
