3176 5060
659 308 882 366 „27-

299 478 833 550 o-u-ocuo-1-uo-luuou.
859 477 1333 543 Quomodoautemvcrbaultima

209 566 276 620 inde
289 583 306 620 a
320 562 480 637 δύσφορον.
495 607 501 620 .
516 609 524 622 .
538 584 576 621 er
593 567 696 620 iambis
709 572 850 635 constent,
868 566 1037 636 intellegere
1056 583 1176 638 nequeo,
1195 583 1260 620 curn
1279 580 1333 636 ego

210 655 325 725 quidem
344 655 511 725 rhythmum
530 655 760 721 descendentem,
780 661 813 708 ut

609 763 645 798 ,Δ
674 769 693 796 υ
710 769 729 796 υ
763 749 788 795 ι’
820 755 865 796 co
886 769 905 796 υ
918 761 936 795 Ε

601 829 744 903 δύσφορον
763 825 944 902 ἀρσενογενὲς

209 937 321 992 semper
340 938 376 975 ex
395 921 511 990 dactylo
531 926 560 975 et
579 921 722 976 trochaeis
746 921 936 992 compositum
959 937 1019 975 esse
1042 921 1216 992 putaverim,
1240 938 1333 991 neque

209 1027 277 1064 vero
296 1027 333 1064 ex
351 1010 461 1076 iambis,
481 1011 529 1080 qui
549 1010 716 1065 ascendunt.

663 1145 685 1212 c)
707 1143 787 1198 tertio
807 1143 878 1212 pede.

299 1251 401 1306 Proin.
423 1251 474 1304 lua
492 1272 528 1301 cx>
548 1251 609 1306 182.
647 1251 729 1320 Sept.
749 1252 812 1306 973.

625 1384 652 1450 d)
672 1384 785 1454 diuersis
799 1383 921 1454 pedibus.

299 1492 386 1546 Peru.
405 1492 473 1547 256:
493 1485 546 1544 ἄνι’
560 1481 624 1546 ἄνια
642 1486 715 1545 κακὰ
734 1487 860 1545 νεόκοτα.
899 1491 956 1545 Hic
968 1507 1074 1559 versus,
1093 1491 1152 1544 sive
1171 1491 1256 1558 solus,
1275 1491 1334 1545 sive

210 1598 274 1634 cum
293 1585 430 1650 sequente
444 1582 614 1634 coniunctus
626 1582 737 1636 varium
750 1580 779 1634 in
793 1581 909 1635 modum
921 1580 1056 1634 definitus
1070 1587 1120 1635 est.
1152 1581 1335 1635 Hermannus

210 1669 293 1740 legit:
318 1659 371 1722 ἄνι’
390 1661 454 1722 c’e'vru
476 1664 596 1723 νεόκοτα
619 1672 666 1723 καὶ
689 1665 747 1723 δάϊ’
772 1667 834 1724 αἰαῖ
852 1687 1021 1740 versumque
1045 1671 1150 1741 accipit
1173 1687 1225 1741 pro
1248 1670 1335 1724 doch·

210 1757 975 1828 mio†dochmiohypercatalecticoocucoucu
991 1761 995 1826 Ι
1011 1783 1148 1812 υ--υ-
1165 1761 1169 1827 Ι
1184 1759 1334 1824 -,Weckl.

211 1847 374 1902 Zomarides
393 1847 428 1902 de
448 1847 561 1902 creticis
579 1847 691 1901 duobus
711 1853 740 1902 et
759 1847 891 1902 dochmio
911 1847 1173 1918 hypercatalectico
1192 1849 1333 1917 cogitant:

417 1929 471 1989 ἄνι’
490 1926 553 1989 ἄνια
570 1939 573 2005 Ι
589 1930 662 1990 κακὰ
681 1933 765 1991 vadato
782 1940 785 2006 Ι
802 1956 836 1991 τα
854 1937 901 1990 καὶ
920 1930 977 1990 δάϊ’
998 1935 1046 2004 αἰΙ
1063 1941 1111 2006 αῖΙ

424 2028 571 2095 sicud-al
600 2038 648 2078 ύυ
681 2027 830 2096 uculo
866 2072 884 2080 ..
914 2051 962 2080 ,υ
1001 2027 1110 2096 ..Ι-Ι

210 2115 290 2170 Idem
312 2116 442 2186 Engerus
466 2116 543 2169 fecit.
580 2114 773 2186 Dindorfius¹)
798 2132 910 2169 versum
932 2121 1063 2169 constare
1087 2133 1123 2169 ex
1145 2116 1281 2170 trochaeo
1305 2122 1334 2170 et

123 2255 125 2260 .
210 2204 342 2259 dochmio
362 2211 459 2259 censet
477 2217 496 2256 c
507 2231 525 2256 υ
536 2230 554 2258 υ
571 2206 574 2274 Ι
589 2230 608 2257 υ
620 2208 638 2258 κέ
650 2229 668 2256 υ
681 2216 728 2257 συ
740 2231 758 2257 υ
770 2217 788 2257 c
799 2230 829 2273 u,
854 2205 1010 2259 Teuffelius
1034 2204 1158 2275 denique
1181 2206 1233 2258 has
1257 2223 1334 2260 men·

209 2312 289 2348 suras
311 2311 362 2348 sua
385 2295 555 2363 cumulavit,
579 2312 643 2349 cum
667 2296 818 2350 anacrusin
842 2294 1014 2364 disyllabum
1037 2295 1151 2349 initium
1170 2295 1264 2349 facere
1283 2314 1335 2366 pu-

208 2385 282 2438 tavit
302 2389 330 2438 et
349 2383 504 2454 tripodium
522 2383 698 2437 trochaicam
716 2383 839 2436 solutam
863 2383 943 2453 sequi
962 2384 1061 2437 voluit.
1083 2415 1115 2422 -
1139 2382 1200 2453 Ego
1219 2384 1335 2454 quidem

209 2473 363 2528 dimetrum
383 2473 537 2527 iambicum
559 2473 590 2526 in
608 2472 769 2526 tribrachos
788 2471 913 2526 solutum
932 2473 1054 2526 maxime
1074 2472 1110 2526 ad
1130 2489 1176 2540 ea,
1201 2490 1273 2543 quae
1293 2473 1334 2526 di·

209 2568 327 2630 cuntur,
351 2568 450 2632 aptum
473 2579 534 2615 esse
557 2560 734 2615 crediderim.
774 2559 830 2614 Ubi
855 2561 978 2630 primum
1004 2561 1080 2614 enim
1103 2561 1221 2614 nuntius
1245 2561 1335 2616 cladis

210 2653 315 2706 allatus
334 2652 413 2720 esu),
433 2652 568 2704 eximium
582 2650 726 2720 quoddam
746 2655 831 2718 poeta
850 2665 901 2720 per
919 2649 1086 2718 rhythmum
1099 2649 1212 2704 efficere
1226 2650 1336 2720 debuit,

210 2758 267 2812 quo
280 2741 389 2795 animos
402 2740 580 2794 audientium
593 2725 770 2810 percelleret,
790 2737 820 2792 id
838 2739 915 2808 quod
934 2739 1048 2808 egregie
1062 2757 1113 2809 per
1125 2740 1177 2793 has
1190 2747 1336 2810 correptas

210 2831 336 2900 syllabas
355 2832 464 2884 factum
482 2819 618 2883 videmus.
657 2829 745 2894 Quasi
767 2830 841 2882 ictus
864 2827 1003 2882 tribrachi
1027 2829 1202 2898 palpitantes
1226 2831 1335 2883 animos

211 2925 322 2974 nostros
341 2920 500 2973 feriunt-
518 2917 568 2972 sed
587 2919 643 2971 lam
662 2918 792 2988 proximo
812 2934 896 2971 versu
914 2917 996 2971 dolor
1014 2918 1112 2988 aliqua
1131 2935 1165 2971 ex
1184 2923 1265 2987 parte
1284 2935 1336 2987 per

210 3008 320 3062 iambos
332 3014 504 3077 syncopatos
517 3007 669 3072 delenitur,
689 3014 718 3060 et
736 3012 880 3076 postremo
899 3023 950 3076 per
962 3006 1180 3076 pherecrateum
1199 3006 1334 3060 adfinem

210 3097 333 3151 ducitur.
375 3095 484 3150 Eodem
512 3095 596 3149 modo
624 3095 844 3163 Rossbachius⁸l
872 3111 985 3147 versum
1012 3094 1168 3163 metitur⁴),
1197 3095 1246 3165 qui
1274 3095 1335 3149 iure

210 3186 410 3240 dochmiacum
429 3185 466 3239 ab
485 3185 617 3238 hocloco
631 3184 716 3254 plane
731 3183 884 3237 abhorrere
898 3183 1054 3236 contendit.
1068 3206 1103 3234 ω
1117 3186 1184 3240 261:
1205 3203 1220 3250 η
1233 3203 1336 3255 μακρο-

210 3275 305 3346 βίοτος
324 3263 374 3330 tas
391 3273 424 3344 ya'
442 3293 490 3338 τις.

300 3366 402 3420 Prum.
422 3365 488 3420 899:
514 3359 576 3430 ἐμοὶ
595 3359 620 3416 δ’
639 3353 686 3416 ὅτε
708 3360 761 3429 μὲν
785 3354 891 3429 ὁμαλὸς
909 3354 925 3415 ὁ
944 3356 1041 3430 γάμος.
1084 3361 1211 3415 Primum
1236 3369 1336 3417 contra

212 3455 371 3509 Hermanni
399 3454 611 3524 responsionem
639 3452 686 3506 hic
715 3469 828 3522 quoque
857 3450 1010 3505 dicendum
1034 3457 1084 3506 est.
1127 3452 1200 3504 Tum
1223 3468 1335 3506 versum

210 3544 365 3598 iambicum
380 3560 449 3611 esse,
468 3559 574 3610 omnes,
593 3541 669 3612 quod
689 3541 805 3612 quidem
823 3540 952 3608 viderim,
974 3541 1166 3606 consentiunt,
1185 3540 1235 3595 sed
1250 3542 1336 3596 variis

212 3631 302 3686 modis
330 3649 395 3686 eum
423 3631 713 3700 circumscripserunt.
755 3630 817 3700 Ego
841 3646 906 3683 cum
929 3629 1123 3697 Kirchhoifio,
1147 3629 1336 3699 Weckleini0,

212 3721 458 3789 Wilamowitziol)
478 3719 630 3773 dimetrum
649 3718 803 3772 iambicum
825 3718 978 3787 accipiam,
1001 3734 1059 3770 non
1078 3717 1201 3786 Weilii⁶l
1223 3735 1336 3772 versum

213 3809 367 3879 abruptum
390 3809 559 3880 amplectar:
588 3803 651 3875 ἐμοὶ
669 3801 694 3860 δ)
713 3797 769 3878 tro
792 3805 844 3873 μὲν
864 3799 969 3872 ὁμαλὸς
988 3799 1005 3859 ὁ
1023 3803 1112 3875 γάμος
1134 3796 1254 3876 ἄφοβος,
1278 3825 1335 3877 quo

212 3899 316 3953 iterum
335 3898 477 3968 syllabam
496 3896 721 3962 desideramus.⁷)

305 4084 330 4153 1)
349 4084 433 4139 Metr.
452 4101 517 4154 pag.
534 4085 578 4138 25.
599 4115 632 4122 -
652 4083 678 4151 2)
697 4100 722 4135 v.
742 4081 803 4137 254.
822 4111 856 4120 -
876 4080 903 4148 3)
923 4080 1006 4144 Metr.
1026 4099 1091 4153 pag.
1106 4083 1166 4137 777.
1187 4114 1222 4123 -
1241 4085 1268 4154 4)
1286 4084 1337 4139 ubi

213 4163 285 4218 haec
303 4164 385 4234 signa
403 4190 421 4218 υ
433 4167 469 4218 usu
481 4167 517 4218 aa.)
528 4190 547 4217 υ
558 4167 594 4217 usu
605 4189 624 4217 υ
636 4181 654 4216 u
672 4168 749 4217 certe
769 4159 872 4215 mendo
885 4163 1094 4231 typographico
1111 4163 1253 4234 laborant,
1272 4181 1336 4218 cum

214 4243 285 4298 haec
308 4245 404 4315 potius
427 4250 637 4314 exspectemus:
655 4241 722 4304 uls—v
734 4270 753 4298 o
765 4239 830 4302 Qu
842 4238 878 4302 'Q
890 4267 908 4294 υ
920 4243 944 4294 a'.
970 4273 1002 4279 —
1032 4247 1058 4312 5)
1077 4244 1096 4297 l.
1115 4244 1134 4299 l.
1154 4261 1218 4315 pag.
1240 4245 1281 4300 18.
1303 4277 1335 4284 —

214 4323 328 4393 aledis
349 4323 425 4379 1864.
446 4355 479 4363 -
499 4325 524 4394 7)
544 4324 580 4378 cf.
600 4341 665 4394 pag.
685 4327 718 4378 26
738 4325 774 4378 ad
794 4325 893 4396 Suppl.
915 4325 975 4381 773.
