3176 5060
627 330 891 402 ,-.13-.-

218 517 276 572 qua
293 507 374 572 parte
393 498 475 554 dolor
492 499 535 552 ita
553 501 656 566 crevit,
679 505 789 555 utnon
807 500 865 554 iam
883 517 960 555 more
979 500 1063 556 solito
1083 501 1201 572 stropha
1219 506 1249 556 et
1267 502 1340 556 anti-

218 590 337 660 stropha
354 605 383 643 se
396 588 570 658 exciperent,
589 587 639 642 sed
658 588 763 659 singuli
780 605 878 644 versus
895 606 1034 644 summam
1046 589 1274 661 desperationem
1292 607 1340 645 ex-

219 677 402 750 primerent.¹)
423 697 428 704 ’
526 713 529 718 -

431 783 823 854 1))υ-υ-Ι-υυ-υ.ῦ

448 873 590 929 diiambus
606 877 610 943 Ι
626 875 830 945 pherecrateus
848 876 964 946 primus.

305 965 391 1020 Pers.
415 965 469 1020 000
487 959 556 1018 τόδ’
575 960 646 1029 σόκ;
674 955 730 1020 όλω
747 968 751 1034 Ι
767 968 815 1019 λεν
836 963 966 1035 μεγάλως
988 959 1022 1019 τό
1041 965 1163 1036 Περσᾶν.
1193 965 1243 1034 (sic
1265 965 1339 1020 Her·

215 1068 349 1118 mannus,
372 1053 522 1108 traditum:
546 1049 693 1123 μεγάλατε.
731 1054 882 1125 Applicem
906 1072 951 1109 me
974 1056 1004 1109 in
1023 1054 1108 1109 huius
1128 1071 1225 1108 versus
1248 1060 1338 1108 metro

215 1141 379 1196 definiendo
395 1141 432 1196 ad
445 1142 614 1213 Rossbachii
633 1143 806 1213 iudicium¹),
825 1145 875 1215 qui
893 1143 969 1198 idem
982 1143 1140 1198 diiambum
1153 1144 1338 1214 pherecraten

216 1236 332 1300 auctum
350 1231 465 1298 statuit,
489 1249 546 1286 non
570 1249 673 1303 sequar
692 1232 747 1287 hac
766 1233 796 1287 in
815 1250 845 1287 re
864 1232 1088 1302 Dindorfium³),
1113 1234 1162 1303 qui
1181 1231 1338 1286 diiambum

216 1320 310 1391 excipi
329 1337 347 1374 a
365 1320 579 1392 choriamboet
598 1321 1016 1393 όασσὴεοῙ1ασαλε,υ.,υ-)-
1029 1327 1227 1392 uu-1u,.-.
1265 1321 1339 1376 Cho·

216 1408 340 1464 riambus
359 1409 461 1479 enim⁴l
480 1411 596 1466 minime
615 1411 662 1466 hic
681 1417 876 1482 exspectatur,
894 1429 961 1465 nam
979 1411 1148 1466 continuum
1166 1427 1218 1481 per
1236 1428 1266 1465 se
1285 1417 1337 1480 est,

215 1498 262 1552 hic
274 1503 371 1553 autem
380 1497 469 1554 verba
482 1530 515 1538 -
528 1502 576 1554 λεν
587 1495 717 1570 μεγάλως
729 1494 763 1554 coi
777 1501 889 1571 Περσᾶν
901 1517 958 1554 uno
972 1506 1070 1554 tenore
1084 1499 1248 1565 decurrunt,
1264 1515 1337 1569 quae

215 1605 273 1641 non
295 1587 461 1658 choriambo
483 1589 649 1644 interiecto:
684 1591 751 1658 )λεν
773 1585 971 1659 gerdimiae
996 1595 1133 1660 sequente
1157 1587 1284 1644 baccheo
1306 1587 1336 1642 in

217 1675 287 1730 duas
309 1683 404 1747 partes
426 1675 586 1732 dirimenda
610 1684 700 1732 erant.
737 1677 798 1732 Nec
819 1677 916 1748 placet
939 1693 1072 1732 mensura
1090 1677 1263 1743 Hermanni,
1287 1677 1336 1748 qui

219 1781 331 1818 versum
351 1781 409 1819 esse
431 1767 621 1836 antispastum
639 1791 776 1820 υ-υ--
793 1768 796 1837 l
812 1792 979 1822 υυ-υ--
995 1769 998 1837 l
1016 1765 1147 1836 creditl),
1172 1767 1221 1837 qui
1240 1783 1336 1820 versus

220 1851 276 1905 iam
303 1852 351 1907 diu
375 1869 392 1907 a
413 1855 539 1908 metricis
566 1854 776 1924 illustrissimis,
805 1862 838 1909 ut
862 1855 1041 1926 Westphalio
1070 1861 1100 1909 et
1121 1853 1335 1924 Rossbachio⁶),

219 1942 298 2010 quasi
316 1949 506 1998 commentum
524 1945 707 1999 metricorum
725 1951 855 2000 veterum
873 1945 934 1999 iure
953 1943 1084 1999 abiectus
1103 1948 1154 1998 est.
1173 1965 1209 1996 ω
1228 1945 1308 1999 1000.

303 2034 407 2099 egum.
428 2034 494 2088 1332
514 2027 625 2106 δρόσοις
639 2028 711 2106 δέτι)
728 2051 787 2098 τοις
803 2037 933 2105 μαλερῶν
944 2029 1076 2090 λεόντων.
1097 2034 1137 2088 sic
1151 2033 1335 2088 Hermannus

215 2119 390 2188 pro-tradito
409 2117 550 2192 δρόσοισιν
568 2117 697 2188 ἀέλπτοις
714 2142 743 2191 μ.
762 2126 797 2188 i„
815 2130 901 2193 recte,
923 2140 989 2177 nam
1008 2123 1094 2178 facile
1113 2116 1284 2191 inducimur,
1302 2128 1335 2176 ut

214 2206 291 2262 hunc
309 2226 422 2281 quoque
435 2227 547 2266 versum
566 2211 723 2267 diiambum
741 2214 776 2282 -)-
795 2213 1012 2284 pherecrateum
1031 2229 1091 2267 esse
1111 2211 1300 2266 concedamus
1307 2213 1334 2280 ⁷),

214 2313 278 2350 cum
303 2299 376 2353 tales
400 2317 510 2369 versus,
539 2302 588 2371 qui
611 2301 736 2356 diiambo
759 2303 902 2372 incipiunt
932 2308 962 2356 et
984 2302 1120 2371 rhythmo
1144 2300 1334 2356 descendente

214 2385 360 2457 finiuntur,
379 2388 462 2444 nobis
481 2407 517 2444 ex
536 2391 772 2456 antecedentibus
791 2391 1005 2462 strophishaud
1024 2392 1116 2462 ignoti
1128 2392 1194 2444 sint.
1231 2390 1333 2459 Itaque

213 2492 270 2530 non
289 2493 354 2531 cum
373 2478 558 2549 Schmidtio⁸)
578 2476 718 2553 δρόσοισιν
735 2474 849 2544 diacum
866 2479 988 2534 scribam
1007 2497 1060 2534 nec
1079 2477 1222 2533 Dindorfii
1240 2485 1333 2532 castra

214 2581 323 2636 sequar,
349 2569 398 2637 qui
417 2574 517 2622 contra
535 2576 663 2623 nostrum
682 2575 805 2623 metrum
824 2569 898 2623 dixit
916 2570 946 2622 iu
965 2567 1082 2637 ,‚Jahrb.
1102 2568 1122 2623 f.
1141 2567 1234 2621 Phil.“
1256 2567 1332 2636 1863,

215 2671 278 2725 pag.
299 2656 346 2723 73,
375 2656 426 2711 ubi
453 2658 530 2712 haud
558 2659 620 2713 iuro
643 2658 812 2712 Triclinium
836 2658 1023 2728 vituperavit,
1051 2657 1100 2728 qui
1129 2656 1183 2710 hoc
1211 2662 1333 2711 metrum

216 2741 389 2800 defenderat.

305 2839 360 2903 Ag.
381 2836 449 2892 1882
469 2833 540 2904 ἰήιον
557 2837 561 2907 l
576 2830 610 2904 δὴ
629 2835 720 2891 καλέω
742 2837 857 2892 Παιᾶνα.
895 2837 937 2891 M:
958 2834 1030 2904 ἰήιον
1049 2831 1332 2903 δέ;δὴ14111θῃείαε,

213 2917 238 2976 δ’
251 2920 379 2992 ἀγκαλέιιι
392 2924 549 2979 Gilbertus.
585 2925 777 2997 Repudianda
789 2925 967 2995 Schmidtiil)
986 2925 1130 2979 sententia
1142 2923 1264 2992 videtur,
1283 2923 1332 2994 qui

212 3012 320 3066 tradita
338 3014 416 3068 fovet
434 3015 568 3084 mirisque
587 3014 675 3085 signis
694 3032 806 3070 versum
825 3015 944 3069 notavit.

303 3102 407 3174 Suppl.
428 3105 479 3160 112
497 3126 533 3156 ω
551 3106 613 3160 121.
651 3105 757 3175 Suppl.
776 3106 827 3160 511
847 3126 883 3156 ω
901 3105 966 3160 518.

302 3193 407 3263 Suppl.
432 3195 498 3250 7481
526 3190 603 3257 κόνις
625 3184 690 3266 ἄτερ
707 3196 710 3263 Ι
727 3197 762 3248 ts
784 3191 932 3264 πτερύγων
955 3188 1073 3263 όροίμαν
1097 3192 1148 3258 (sic
1166 3189 1332 3244 Dindorfius

214 3286 292 3334 recte
308 3299 360 3352 pro
379 3278 514 3354 ὀλοίμαν).
547 3282 723 3338 Monendum
742 3289 794 3351 est,
813 3284 842 3336 in
861 3271 941 3347 κόνῆ
961 3281 1081 3335 alteram
1103 3279 1245 3349 syllabam
1268 3295 1332 3348 pro-

213 3368 288 3438 duci,
306 3377 339 3424 ut
358 3387 395 3425 ex
413 3373 576 3427 accusativo
595 3371 727 3426 concludi
746 3377 853 3442 potest:
873 3371 910 3426 cf.
930 3369 1122 3424 Prom.1085:
1147 3361 1283 3437 στρόμβοι
1301 3364 1332 3419 δὲ

212 3447 293 3513 κόνιν
313 3455 485 3516 ε1λίσσουσιν.
527 3461 633 3531 Suppl.
658 3463 725 3516 ltoz
754 3455 811 3530 όρῶ
835 3447 914 3513 κόνιν
941 3451 1076 3523 ἄναυδον,
1107 3472 1195 3528 quare
1223 3454 1333 3509 Pauwii

212 3548 378 3603 coniectura
395 3547 473 3615 κόνις
490 3544 516 3619 γ’
534 3565 746 3619 supervacanea
764 3548 828 3602 fuit.
847 3570 883 3600 ω
904 3550 967 3604 755.

304 3689 329 3759 1)
349 3692 456 3761 optime
466 3691 661 3762 Westphalius
680 3687 841 3762 („Prolegg.
861 3708 894 3744 zu
915 3689 970 3744 den
990 3688 1115 3756 aeschyl.
1135 3685 1331 3757 Tragoedien“

212 3785 277 3839 pag.
294 3770 404 3842 127)28)
423 3772 477 3826 hoc
490 3771 658 3842 epodicum“
678 3772 761 3825 einen
775 3770 978 3841 Operneffekt“
997 3769 1135 3835 nominat,
1155 3783 1211 3836 quo
1225 3766 1332 3820 musica

212 3849 321 3917 priores
348 3857 444 3921 partes
472 3852 576 3922 egerit,
604 3851 722 3921 poetica¹
742 3857 838 3905 autem
862 3848 985 3904 facultas
1008 3843 1099 3918 magis
1122 3847 1276 3901 recesserit.
1297 3877 1331 3886 -

212 3929 239 3996 2)
257 3928 341 3984 Metr.
362 3947 427 4000 pag.
447 3932 507 3987 680.
527 3962 561 3971 -
580 3932 608 4000 8)
627 3930 662 3986 de
682 3936 763 3985 metr.
782 3946 876 3985 scaen.
895 3945 960 4000 pag.
980 3929 1013 3981 41
1034 3945 1075 3981 nr.
1099 3928 1143 3992 10;
1162 3926 1246 3980 Metr.
1265 3941 1330 3995 pag.

213 4009 253 4062 32.
274 4041 307 4050 -
327 4012 354 4078 4)
374 4011 409 4066 de
428 4013 509 4066 cuius
527 4017 631 4066 natura
644 4011 733 4065 fusius
746 4009 905 4080 disputabit
917 4009 1065 4065 Johannes
1077 4008 1188 4061 Lamer.
1202 4036 1236 4045 -
1255 4008 1282 4070 5)
1301 4004 1331 4060 in

213 4088 361 4145 elementis
385 4108 450 4163 pag.
474 4092 527 4146 233
551 4098 580 4146 et
603 4092 633 4145 in
657 4090 840 4156 „zeitschrift
864 4090 883 4144 f.
909 4086 1227 4143 Altertumswissensch.
1251 4084 1330 4149 1835,

211 4171 350 4240 pag.·386.
372 4201 404 4212 -
424 4173 451 4242 6)
469 4172 506 4226 cs.
525 4171 631 4242 griech.
645 4169 727 4225 Meti.
744 4169 811 4224 1856
825 4169 914 4240 praef.
933 4185 998 4239 pag.
1012 4167 1086 4222 XIX
1099 4184 1159 4237 sqq.
1180 4196 1213 4206 -
1234 4167 1260 4232 7)
1273 4181 1330 4218 non

211 4249 367 4306 diiambum
378 4253 412 4322 -l-
422 4251 576 4323 tripodium
587 4250 768 4320 dactylicam,
782 4266 867 4319 quam
878 4249 1034 4302 Abrensius
1044 4245 1254 4303 commendavit
1264 4245 1330 4298 scri-

210 4327 454 4386 11οιιειλειόντιιιν.
475 4362 508 4372 -
527 4331 554 4400 8)
572 4330 688 4386 Kuustf.
707 4330 731 4394 1,
749 4345 814 4399 pag.
837 4328 895 4383 148.
916 4359 949 4368 -
968 4330 995 4397 0)
1013 4326 1129 4388 Kunstf.
1149 4326 1170 4394 l,
1189 4341 1254 4396 pag.
1270 4323 1329 4379 148.
