3176 5060
665 285 886 341 ..77-

216 452 306 522 igitur
328 454 452 523 strophis
475 453 675 524 percensendis
698 470 743 508 ars
766 455 927 524 Aeschylea
950 454 1083 510 elucebit.
1120 455 1217 510 Unum
1235 447 1336 510 'autem
1411 487 1415 495 -

217 539 381 596 addendum
394 547 448 596 est:
469 543 591 596 maxime
604 541 641 595 ad
654 543 789 613 strophae
808 543 955 614 ingenium
967 543 1195 614 perspiciendum
1208 544 1337 612 interest,

217 645 278 698 eas,
300 645 373 699 quae
392 631 577 700 proferuntur
595 619 752 686 sententias
771 633 925 702 respicere,
949 637 978 686 et
997 631 1170 696 deliberare,
1195 632 1337 702 quomodo

217 733 282 771 cum
301 717 437 788 rhythmo
456 720 629 790 conspirent,
648 726 710 774 tum
729 726 826 774 autem
842 719 939 791 gravis
958 720 1095 774 momenti
1114 720 1177 788 erit,
1200 721 1338 775 transitus

217 805 382 876 observare,
406 807 509 878 quibus
531 814 618 878 poeta
641 809 750 863 animos
773 808 951 863 audientium
970 826 1007 864 ex
1028 809 1119 863 altero
1138 808 1338 878 rhythmorum

215 912 321 965 genere
340 896 370 950 in
389 896 511 952 alterum
530 896 697 952 traduxerit.

307 985 388 1039 Haec
407 986 431 1040 si
450 987 544 1048 animo
563 987 713 1056 reputaris,
732 988 837 1040 senties
856 987 996 1057 profecto,
1019 1003 1076 1058 qua
1095 993 1155 1041 arte
1175 1003 1208 1041 ac
1227 987 1339 1042 subtili-

217 1079 279 1128 tate
291 1074 451 1144 Aeschylus
463 1075 595 1145 strophas
608 1076 807 1146 composuerit.
821 1106 855 1111 —
874 1075 984 1145 Sequar
997 1081 1094 1130 autem
1107 1076 1184 1130 hunc
1197 1075 1338 1131 ordinem:

218 1163 340 1233 primum
353 1163 494 1234 strophas,
513 1181 586 1235 quae
600 1182 636 1218 ex
654 1164 757 1218 iambis
775 1165 997 1239 solis-constant,
1016 1165 1156 1231 tractabo,
1176 1172 1245 1232 tum,
1265 1183 1338 1237 quae

218 1269 255 1306 ex
269 1251 370 1306 iambis
385 1258 414 1306 et
432 1253 584 1320 trochaeis,
603 1252 715 1321 deinde,
735 1269 808 1322 quae
822 1269 859 1308 ex
871 1252 972 1306 iambis
986 1259 1015 1306 et
1034 1252 1215 1322 logaosdicis,
1235 1254 1338 1309 deinde

218 1358 292 1412 quae
305 1359 342 1396 ex
360 1341 462 1396 iambis
481 1347 511 1396 et
529 1341 661 1412 dactylis,
681 1359 754 1412 quae
769 1359 805 1396 ex
823 1342 926 1396 iambis
945 1348 974 1396 et
993 1341 1176 1411 dochmiaeis,
1195 1349 1339 1413 postremo

217 1429 254 1484 de
274 1431 314 1485 eis
332 1430 477 1499 disseram,
496 1431 600 1501 quibus
615 1437 728 1501 praeter
746 1430 856 1485 iambos
869 1430 973 1484 diversi
992 1431 1103 1485 numeri
1121 1431 1244 1485 immixti
1263 1437 1338 1485 sunt.

650 1557 683 1609 Α.
706 1555 811 1609 iambi
829 1555 903 1610 soli.

418 1653 447 1723 a)
468 1653 612 1708 clauditur
630 1653 749 1723 stropha
768 1670 840 1723 puro
858 1653 988 1707 trimetro
1007 1653 1138 1708 iambico.

309 1750 440 1820 Ghoeph.
459 1752 508 1806 to:
529 1743 564 1803 δι’
583 1743 677 1815 αἵματ’
696 1744 848 1803 ἐκποθένθ’
868 1743 923 1804 δπδ
941 1744 1046 1818 χθονὸς
1064 1754 1172 1820 τροφοῦ
1202 1774 1221 1801 υ
1232 1796 1250 1805 -
1262 1774 1281 1802 ο
1292 1795 1309 1804 -
1322 1777 1340 1803 ο

325 1911 401 1975 τίτας
420 1906 508 1977 φόνος
525 1907 650 1978 πέπηγεν
667 1903 702 1963 οὐ
720 1906 873 1979 διαρρύδαν
890 1935 908 1961 υ
920 1954 937 1963 -
952 1935 971 1962 υ
982 1955 1000 1964 -
1012 1935 1030 1962 e·
1042 1955 1059 1962 -
1072 1864 1257 1964 οἱυυῖυυῖυ
1269 1885 1286 1892 -
1325 1841 1337 1893 1

326 1994 439 2068 διαλγὴς
457 1991 508 2067 ἄτη
527 1996 652 2068 διαφέρει
668 2009 961 2052 υι-ι---ουυ-

325 2081 376 2142 τὸν
394 2083 482 2142 αἴτιον
500 2084 674 2158 παναρκέτας
692 2084 778 2142 νόσον
795 2083 892 2158 βρύειν
909 2112 1255 2142 υ-υ.υ-ο-υ-υ-
1323 2091 1342 2142 4

218 2177 284 2230 Jam
305 2193 369 2246 pag.
389 2178 433 2244 bi,
456 2175 506 2230 ubi
529 2176 662 2230 ultimum
681 2193 793 2230 versum
816 2177 978 2230 accuratius
996 2177 1196 2245 tractavimus,
1219 2176 1341 2231 vidimus

219 2266 323 2320 Keolrii
335 2265 532 2320 offensionem:
553 2283 627 2334 „non
640 2265 715 2319 finiri
728 2266 874 2336 stropham
893 2265 1044 2320 iambicam
1057 2267 1186 2320 trimetro
1200 2284 1257 2320 non
1276 2285 1341 2336 syn-

219 2357 340 2425 copato“
360 2355 437 2408 haud
456 2360 562 2408 rectam
577 2371 645 2408 esse.
676 2355 738 2407 Etsi
758 2354 890 2424 exempla
903 2354 979 2424 apud
993 2354 1167 2424 Aeschylum
1181 2385 1213 2393 -
1227 2360 1341 2425 praeter

219 2444 297 2515 Sept.
318 2444 369 2498 957
395 2477 428 2484 »ω
452 2444 568 2510 desunt,
592 2449 688 2496 tamen
712 2459 749 2496 ex
772 2442 826 2495 hoc
850 2459 908 2496 non
931 2444 1071 2513 sequitur,
1099 2444 1259 2496 trimetrum
1283 2460 1340 2496 non

219 2539 409 2602 syncopatum
433 2531 634 2603 expellendum
659 2547 732 2598 esse,
757 2547 822 2584 nam
842 2547 923 2599 sane,
947 2532 970 2585 si
989 2532 1107 2602 stropha
1125 2532 1190 2602 plus
1208 2549 1341 2586 versuum

219 2622 470 2692 complecteretur,
503 2621 632 2675 trimeter
660 2626 834 2690 syncopatus
862 2621 970 2690 optimo
999 2622 1060 2676 iure
1088 2621 1182 2676 locum
1211 2621 1341 2676 obtinere

218 2716 327 2780 posset,
351 2710 480 2776 sedhic,
505 2710 554 2763 ubi
573 2709 692 2780 stropha
714 2726 751 2763 ex
775 2715 911 2779 quattuor
934 2715 1049 2764 tanturn
1067 2710 1196 2766 versibus
1219 2717 1341 2779 constat,

219 2817 249 2853 re
269 2816 336 2853 vera
354 2799 440 2853 finem
459 2798 587 2853 nondum
607 2805 818 2869 exspectamus,
842 2800 1010 2869 praesertim
1033 2816 1097 2854 cum
1121 2801 1265 2854 sententia
1284 2817 1341 2854 non

219 2887 256 2942 ad
275 2887 361 2943 finem
380 2887 468 2942 ducta
486 2890 531 2958 sit,
550 2890 636 2943 immo
656 2888 836 2959 antistropha
855 2890 1046 2944 continuetur.

516 3013 545 3082 b)
565 3013 709 3068 clauditur
728 3014 859 3068 trimetro
878 3019 1044 3084 syncopato

309 3121 393 3174 Pers.
413 3120 498 3175 1025:

257 3207 304 3264 Ξε.
324 3209 370 3260 καί
389 3203 479 3278 στέρν’
498 3201 602 3278 ἄρασσε
620 3210 666 3261 καὶ
684 3204 740 3278 βόα
759 3203 792 3262 τὸ
812 3207 922 3262 Μύσιον
941 3225 958 3260 0
970 3254 987 3261 -
1000 3233 1017 3260 ο
1030 3251 1047 3260 -
1059 3233 1078 3260 ο
1090 3254 1107 3261 -
1119 3234 1137 3259 o
1149 3253 1167 3262 -
1179 3233 1198 3259 o
1210 3253 1228 3262 -
1240 3235 1258 3259 o
1271 3225 1289 3259 u
1328 3210 1339 3260 l

256 3295 316 3349 XO.
336 3287 388 3349 ἄνι’
408 3287 472 3350 ἄνια
938 3321 957 3347 υ
970 3308 1017 3347 co
1028 3299 1075 3347 καθ’]

257 3383 304 3440 Ξε.
324 3385 372 3437 καί
388 3403 437 3452 μοι
456 3385 564 3453 γενείου
583 3382 672 3456 πέρθε
690 3380 809 3454 λευκήρη
828 3384 908 3455 τρίχα
940 3401 957 3435 o
969 3429 986 3438 .
999 3410 1017 3435 o
1029 3429 1046 3436 -
1059 3400 1077 3435 ῡ
1089 3429 1106 3437 -
1118 3411 1136 3435 o
1148 3429 1167 3436 -
1179 3400 1196 3434 ῡ
1209 3429 1226 3436 -
1238 3409 1256 3435 ο
1269 3405 1285 3434 a

256 3473 315 3526 XO.
335 3465 446 3543 ἄπριγδ’
466 3467 587 3544 ἄπριγδα
605 3470 680 3540 μάλα
698 3469 808 3542 γοεδνᾶ.
939 3500 957 3525 υ
970 3518 987 3526 -
999 3499 1017 3524 υ
1030 3485 1137 3526 ,σου
1149 3501 1167 3524 ο
1179 3505 1213 3524 h
1226 3491 1244 3524 a
1296 3545 1298 3550 ,

258 3560 305 3616 Ξε.
326 3552 405 3615 cilicas
424 3557 449 3616 δ’
469 3556 526 3628 ὀξύ.
564 3563 633 3618 XO:
650 3564 698 3616 καί
716 3556 775 3616 τάδ’
795 3555 865 3633 έρξοι
940 3587 1250 3616 ιιι-ωηατ..-
1326 3566 1342 3617 5

311 3649 527 3705 Observandum
547 3658 598 3719 est,
617 3652 690 3706 bene
710 3652 855 3706 trimetros
874 3658 903 3706 et
916 3651 1120 3722 pentapodiam
1134 3669 1184 3721 per
1197 3650 1343 3722 dipodiam

222 3739 269 3808 (V.
290 3740 325 3806 21.
344 3740 527 3810 interrumpi,
552 3757 625 3811 quae
649 3740 804 3806 brevitate,
828 3746 889 3794 tum
913 3740 1103 3794 solutionibus
1126 3741 1247 3794 multum
1266 3741 1344 3795 valet

221 3827 258 3882 ad
277 3822 515 3883 exclamationem
534 3830 615 3884 chori
634 3830 874 3900 amplificandam.

312 3917 443 3988 Chasph.
457 3921 507 3974 682
520 3915 583 3985 ἐμοί
594 3914 618 3971 δ’
632 3913 756 3987 ἄνᾶγκαν
769 3913 821 3989 γὰρ
835 3913 1005 3986 ἀμφίπτολιν
1014 3944 1032 3970 o
1041 3964 1059 3972 -
1068 3944 1086 3970 ο
1095 3951 1130 3970 ι..
1140 3963 1157 3972 -
1166 3945 1184 3970 υ
1194 3951 1228 3970 μ
1239 3963 1255 3972 .
1265 3943 1283 3970 υ
1292 3937 1310 3970 a
1329 3920 1341 3972 1

329 4007 392 4060 θεοί
410 4003 611 4076 προσήνεγκαν·
632 4002 664 4059 ἐκ
683 4003 735 4077 γὰρ
754 4002 840 4060 οἴκων

274 4125 277 4136 ·
329 4091 468 4167 πατρῴων
487 4096 598 4150 δουλίαν

329 4178 432 4251 ἐσᾶγον
450 4177 540 4248 αίσαν,
559 4184 652 4238 δίκαια
670 4185 716 4237 καὶ
735 4181 773 4252 μή

329 4266 462 4342 πρέποντ’
481 4265 527 4325 ἄπ’
547 4266 635 4343 ἀρχᾶς
651 4273 714 4343 βίον
