3176 5060
668 341 890 402 „21-

213 511 411 575 Kirchhoffius
424 513 495 568 duos
508 513 610 568 statuit
622 512 768 568 trimetros
781 510 917 583 (στένουσι
930 548 966 554 -
979 509 1020 578 ὥς
1032 519 1061 568 et
1072 509 1205 582 μάχης-
1218 507 1341 583 πεσόντ’)

213 601 292 674 quod
315 606 489 672 acceperunt
507 602 629 656 Weilius
652 607 681 657 et
700 602 907 672 Dindorfius¹),
930 603 1068 658 refutavit
1087 603 1341 670 Heimsoethius⁸);

213 693 244 746 in
266 691 367 746 Metris
391 692 515 760 autem³)
539 690 705 746 Dindorfius
728 698 928 746 tetrametrum
953 690 1092 761 (στένουσι
1109 722 1143 730 -
1162 685 1256 761 ἴδρις),
1280 697 1342 745 tum

214 781 368 835 dimetrum
397 775 458 850 (τὸν
476 776 501 834 δ’
520 811 554 820 -
573 778 697 849 nrcdrr')
727 781 808 851 sequi
836 781 936 836 voluit.
983 780 1056 835 Mihi
1084 780 1200 852 quidem
1228 780 1342 834 dimetri

213 869 316 924 melius
339 886 453 924 currere
477 869 624 938 videntur,
653 885 739 940 quam
768 869 847 940 longi
874 871 1010 938 trimetri,
1038 887 1105 924 nam
1127 887 1179 940 per
1207 868 1343 923 dimetros

212 959 374 1014 sentcntiae
393 957 496 1012 melius
514 958 744 1028 distinguuntur:
765 959 856 1028 primo
875 959 997 1014 dimetro
1011 959 1126 1013 omnino
1145 959 1225 1013 notio
1245 958 1343 1029 deplo-

213 1048 297 1102 randi
317 1054 346 1103 et
365 1047 504 1102 laudandi
522 1049 605 1115 ineat,
625 1055 763 1119 sequente
776 1049 828 1115 vir,
848 1049 896 1118 qui
915 1065 1030 1119 pugnae
1049 1049 1158 1119 peritus
1177 1048 1241 1115 fuit,
1262 1048 1343 1102 effer-

214 1145 270 1203 tur,
290 1139 376 1192 tertio
395 1137 519 1208 denique
532 1138 577 1192 vir
595 1138 645 1208 qui
663 1137 736 1196 bene
756 1139 786 1192 in
805 1154 903 1208 pugna
915 1144 1044 1193 versatus
1057 1144 1178 1194 mortem
1197 1136 1342 1206 occubuit,

214 1226 406 1298 praedicatur.
444 1226 491 1281 Sic
505 1226 606 1280 divisio
620 1225 761 1296 quaedam
780 1243 832 1296 per
850 1225 986 1280 dimetros
1000 1227 1077 1280 facta
1096 1232 1146 1281 ost.
1161 1255 1196 1264 —
1214 1226 1342 1297 Respon-

212 1316 293 1381 dent,
313 1317 336 1369 si
355 1315 440 1369 modo
460 1315 532 1369 haec
551 1314 715 1370 distributio
734 1320 814 1370 recta
833 1319 888 1369 est:

307 1405 465 1461 rra-4452
485 1399 607 1476 τυχηρὸν
627 1394 683 1458 ἔντ’
702 1397 769 1458 ἄνευ
788 1405 867 1467 δίκας

487 1495 648 1562 παλιντυχεῖ
664 1497 743 1566 τριβᾷ
762 1493 825 1564 βίον

485 1576 583 1635 τιθεῖσ’
604 1575 739 1651 ἀμαυρόν,
759 1577 790 1634 ἐν
809 1575 833 1634 δ’
852 1576 882 1634 dl
900 1613 933 1621 -

308 1673 361 1738 rig.
381 1671 449 1726 tola
469 1665 499 1723 ἐν
518 1663 623 1742 ἀλλαγᾷ
637 1666 723 1738 λόγου
736 1677 842 1737 καμεῖν.
880 1671 947 1726 Siue
967 1670 1055 1725 dubio
1074 1677 1152 1726 recte
1165 1688 1181 1724 a
1195 1671 1299 1726 Weilio
1313 1678 1343 1725 et

217 1760 374 1814 Klausenio
394 1758 577 1814 observatum
596 1765 648 1825 est,
672 1755 711 1824 ἐν,
730 1759 806 1830 quod
825 1767 892 1814 ante
912 1757 1044 1829 γυναικός
1061 1762 1090 1814 in
1111 1778 1193 1814 versu
1212 1761 1343 1830 proximo

218 1851 336 1920 legitur,
364 1850 394 1903 in
418 1849 532 1904 initium
556 1849 640 1902 huius
665 1866 762 1903 versus
786 1849 1031 1920 transponendum
1060 1866 1133 1917 esse,
1161 1856 1194 1903 ut
1221 1849 1343 1903 dimeter

217 1938 355 1993 iambicus
374 1937 521 2004 evaderet,
546 1938 596 2008 qui
615 1938 706 1992 multo
725 1939 815 2008 magis
835 1938 871 1991 ad
890 1955 1021 1992 versuum
1042 1937 1294 1992 antecendentium
1314 1943 1343 1992 et

215 2028 398 2098 sequentium
421 2027 586 2096 rhythmum
611 2027 741 2098 quadrat.
785 2028 827 2082 Ac
851 2044 887 2081 ne
910 2027 965 2082 hoc
989 2026 1105 2097 quidem
1128 2027 1262 2097 epodicO,
1287 2044 1343 2097 quo

215 2117 331 2188 singula
349 2116 477 2171 membra
495 2117 720 2187 praeclarissimo
740 2118 889 2171 sententiis
909 2116 1095 2171 accomodata
1113 2122 1188 2182 sunt,
1207 2116 1343 2171 Wilamo-

217 2206 354 2276 witzius⁴)
373 2206 477 2272 omisit,
497 2204 625 2260 ordinem
643 2205 782 2260 traditum
801 2205 930 2274 turbare,
954 2207 1004 2276 qui
1023 2205 1174 2276 apodicum
1192 2207 1278 2259 variis
1297 2223 1343 2260 co-

216 2293 326 2349 loribus
345 2302 478 2348 ornatum
497 2295 565 2349 solis
589 2312 625 2348 ex
643 2295 818 2349 tetrametris
841 2294 971 2348 iambicis
990 2300 1019 2348 et
1037 2294 1192 2350 trochaicis
1211 2301 1342 2349 constare

216 2384 319 2450 voluit,
338 2383 448 2454 legens:
469 2377 556 2454 πυρὸς
574 2415 734 2421 ———
754 2381 810 2436 9οά

467 2469 545 2543 βάξις
572 2505 603 2509 --
646 2505 651 2509 -
677 2505 688 2509 -
795 2469 874 2526 θεῖόν
893 2467 935 2525 ἐσ-

467 2581 515 2629 τιμ
535 2559 630 2630 ψύθος
649 2594 862 2599 ———
879 2559 1052 2628 κεκομμένος

468 2645 574 2720 φλογὸς
593 2685 635 2688 --
672 2685 689 2688 --
823 2649 991 2720 πυρωθέντα
1009 2669 1074 2722 καρ-

468 2741 531 2794 δίαν
780 2739 837 2808 αἰχ-

468 2835 507 2902 μᾷ
525 2827 625 2899 πρέπει
643 2863 698 2868 --
722 2863 757 2866 —
768 2861 803 2867 —
821 2827 984 2893 ξυναινέσαι.

469 2914 590 2983 πιθανὸς
607 2951 820 2958 —-——-—-
840 2914 1003 2989 ταχύπορος,
1024 2913 1070 2972 ἆλ-

469 3003 503 3063 td
523 3041 629 3048 —-—-—
648 3041 737 3047 -—-
759 3042 805 3046 --
828 3041 861 3046 —
880 3006 967 3071 κλέος.

309 3097 390 3162 Quae
414 3098 568 3168 descriptio
592 3099 661 3152 mihi
686 3098 802 3170 quidem
826 3097 904 3150 haud
927 3103 1006 3151 recta
1029 3096 1156 3164 videtur,
1181 3112 1246 3149 cum
1270 3095 1343 3149 nulli

220 3193 375 3241 metrorum
396 3188 547 3242 variationi
566 3189 712 3258 provisum
731 3188 781 3252 sit,
806 3204 878 3257 quae
898 3184 1054 3241 secundum
1076 3186 1247 3249 sententiaa,
1271 3200 1344 3254 quae

220 3276 340 3346 singulis
353 3276 481 3330 versibus
501 3277 694 3346 proferuntur,
714 3275 866 3330 efficienda
885 3281 954 3328 erat.
968 3276 1075 3329 Versus
1094 3275 1170 3327 enim
1188 3274 1241 3326 tali
1260 3272 1344 3326 modo

220 3365 281 3418 siue
305 3365 399 3419 colore
424 3365 629 3431 devolvuntur,
658 3365 738 3436 quasi
763 3382 831 3426 non.
844 3364 946 3418 chorus
974 3362 1044 3416 haec
1069 3361 1177 3415 diceret
1204 3361 1234 3414 in
1262 3367 1344 3431 parto

220 3453 345 3508 melica
364 3454 489 3523 fabulae,
508 3455 558 3510 sod
577 3470 699 3524 persona
718 3454 859 3524 quaedam
877 3453 907 3506 in
926 3452 1086 3522 diverbiofi)

221 3641 414 3696 numerandus
433 3647 484 3708 est,
504 3641 640 3695 hocloco
660 3640 760 3708 attuli,
784 3639 860 3711 quod
879 3641 938 3694 fere
958 3640 1072 3693 omnino
1092 3656 1127 3692 ex
1146 3639 1225 3708 puris
1243 3637 1345 3692 iambis

221 3727 334 3775 constat
348 3726 378 3775 et
397 3720 634 3775 antecedentibus
647 3720 776 3774 dimetris
789 3720 950 3774 simillimus
963 3719 1088 3784 videtnr;
1108 3735 1195 3788 quare
1209 3735 1267 3771 non
1281 3735 1345 3770 oum

221 3801 336 3872 Engero
359 3802 389 3854 in
408 3801 535 3873 spondeo
555 3800 712 3868 offendam,
737 3800 829 3870 (dioitz
855 3799 1013 3870 „spondeus
1032 3799 1222 3868 suspicionem
1241 3803 1346 3864 movet,

221 3897 286 3935 cum
306 3882 336 3935 in
354 3887 416 3935 toto
434 3882 489 3936 hoc
509 3882 633 3935 carmine
652 3880 740 3952 pedes
759 3880 976 3949 diligentissime
994 3879 1147 3948 exaequati
1166 3879 1260 3944 sint.“)
1280 3893 1346 3930 nam

222 3961 264 4014 ris
283 3960 403 4031 spondei
422 3962 451 4014 in
471 3961 525 4014 hoc
545 3960 675 4028 articulo,
695 3977 779 4028 quem
798 3955 823 4013 δ’
842 3959 979 4029 sequitur,
999 3959 1113 4012 minime
1133 3974 1216 4011 aures
1235 3962 1346 4010 nostras

222 4041 264 4094 ita
282 4041 395 4111 pungit,
415 4056 448 4094 ac
467 4041 490 4093 si
509 4040 667 4110 legeremus
687 4029 710 4092 ὦ
729 4042 783 4092 Ζεῦ
802 4039 847 4092 vel
867 4039 925 4092 talc
945 4038 1028 4109 quid,
1051 4036 1102 4091 ubi
1122 4037 1208 4091 robur
1227 4035 1346 4106 spondei

222 4121 313 4190 magis
332 4121 435 4176 elucet.
455 4151 490 4156 —
510 4122 535 4188 1)
554 4121 584 4174 in
603 4121 695 4190 poetis
715 4119 861 4174 scaenicis.
881 4151 915 4160 —
935 4118 962 4187 2)
981 4117 1127 4173 Wiederh.
1147 4133 1211 4187 pag.
1232 4119 1291 4170 359.
1313 4151 1347 4156 —

223 4200 250 4270 3)
269 4217 334 4270 pag.
353 4201 396 4255 37.
420 4234 455 4241 -
478 4202 505 4269 4)
525 4200 543 4254 l.
563 4200 581 4253 l.
601 4217 664 4271 pag.
687 4201 728 4253 14.
753 4230 787 4236 -
812 4201 838 4267 5)
857 4199 964 4253 Versus
988 4198 1064 4252 euim
1088 4197 1219 4250 nonnulli
1244 4197 1273 4250 in
1292 4196 1347 4250 hoc

222 4279 342 4350 epodico
365 4281 434 4334 satis
453 4280 609 4349 declarant,
628 4297 657 4334 se
676 4280 706 4333 in
725 4280 812 4333 aliam
831 4280 959 4344 formam,
980 4295 1065 4349 quam
1083 4293 1157 4348 quae
1176 4277 1283 4331 tradita
1301 4277 1347 4344 sit,

223 4377 281 4414 nou
300 4377 359 4414 essa
379 4359 539 4429 mutandas,
557 4367 590 4414 ut
603 4361 654 4414 457
668 4366 698 4414 et
711 4361 772 4427 458,
791 4359 841 4430 qui
860 4359 923 4429 pari
942 4357 1053 4412 ambitu
1072 4357 1193 4412 similem
1207 4355 1348 4427 praebent
