3176 5060
681 355 903 416 „11-

234 528 305 584 Oed.
324 527 390 597 Tyr.
405 527 470 580 175:
492 515 576 579 άλλον
595 518 657 580 δ’άν
675 516 748 598 drap
767 525 911 598 προσόδοις
929 513 1000 598 άπερ
1018 515 1157 599 εὔπτερον
1174 513 1259 601 όρνιν,
1297 528 1354 584 sed

235 617 289 672 hoc
307 617 369 687 ipso
388 620 544 670 metrorum
562 613 795 670 antecedentium
818 620 848 670 et
869 615 1049 685 sequentium
1073 631 1184 671 conexu
1207 633 1265 671 non
1288 633 1355 672 ana·

228 706 374 778 ,paesticos
392 703 552 774 rhythmos,
571 703 620 758 sed
640 703 798 774 dactylicos
816 703 913 775 potius
931 705 1069 774 accipiam
1089 709 1118 760 et
1137 722 1249 760 versum
1267 711 1355 761 tetra·

234 794 348 866 podiam
359 792 534 862 dactylicam
552 793 706 863 praemissa
720 792 783 848 basi
801 792 924 848 iambica
937 810 997 849 esse
1010 793 1193 849 crediderim:
1211 819 1231 847 υ
1242 840 1260 848 -
1271 820 1290 848 υ
1301 841 1319 850 -
1334 796 1339 865 λ

233 908 369 938 υυυυυ
380 907 399 935 υ
411 927 428 936 .
440 907 459 935 υ
471 907 490 934 υ
501 927 519 936 -
531 882 580 952 ..1)
607 882 697 937 Recte
710 883 799 953 igitur
811 877 996 953 Bernhardi²l
1009 882 1180 954 disputavit:
1198 901 1255 939 non
1268 885 1354 940 licere

234 972 316 1027 nohis
339 971 512 1042 tripodicum
535 971 617 1026 colon
636 996 655 1024 υ
666 1017 684 1026 -
696 997 715 1025 υ
726 1017 743 1026 -
755 1017 773 1026 -
792 989 810 1026 a
833 977 970 1042 sequente
994 971 1093 1027 ordine
1117 972 1356 1044 distinguerem

234 1061 303 1118 1222
321 1058 414 1133 χρόνῳ
432 1057 485 1127 μὲν
502 1055 539 1130 dy
555 1062 559 1130 Ι
575 1066 620 1130 ρεῑ
636 1057 765 1132 Πριάμου
783 1057 865 1115 πόλιν
883 1051 933 1115 liar
951 1059 1093 1126 κέλευθος.

322 1153 378 1217 Ag.
396 1149 466 1205 1132
489 1147 624 1218 φανέντες
647 1143 676 1202 ix
691 1151 695 1218 Ι
711 1167 763 1220 ταρ
786 1144 938 1221 μελάθρων
964 1143 1048 1220 χερός
1074 1145 1107 1204 ἐκ
1134 1147 1304 1221 δοριπάλτου
1321 1174 1357 1203 ω

234 1241 301 1294 1272
325 1235 495 1310 στρατωθέν
514 1231 561 1307 οἴΙ
577 1256 619 1309 sq)
638 1232 691 1310 γάρ
709 1233 865 1306 ἐπίφθονος
879 1232 1001 1308 Ἄρτεμις
1019 1231 1097 1308 άγνά.
1116 1269 1151 1278 -
1175 1239 1276 1310 Neque
1301 1239 1356 1294 hoc

234 1328 348 1382 silentio
360 1326 648 1398 praetermittendum
666 1333 718 1396 est,
737 1327 894 1382 diiambum
913 1328 943 1381 in
958 1327 1018 1382 eius
1031 1327 1108 1382 modi
1121 1328 1250 1383 versibus
1262 1329 1356 1384 medlo

235 1418 265 1471 iu
277 1416 365 1471 verbo
378 1415 502 1487 quodam
514 1416 599 1484 finiri,
613 1415 689 1488 quod
702 1422 797 1488 poeta,
816 1422 848 1471 ut
861 1415 1027 1487 Christiusl)
1041 1423 1171 1486 annotat,
1190 1434 1224 1472 eo
1237 1417 1356 1472 consilio

235 1506 312 1573 fecit,
333 1517 367 1560 ut
384 1505 570 1560 diiamhicum
588 1505 769 1576 praeludium
787 1507 877 1560 artius
896 1523 961 1561 cum
979 1506 1165 1578 sequentibus
1184 1513 1356 1562 conecteret.

431 1667 466 1722 0.
489 1667 635 1723 Dilambi
658 1666 833 1723 coniuncti
856 1681 935 1723 cum
957 1668 1161 1724 choriambo.

327 1780 378 1837 (lh.
396 1781 445 1837 482
465 1776 564 1849 δνόφοι
582 1776 675 1836 καλάνι
690 1781 694 1851 l
711 1796 788 1835 τουσι
807 1778 912 1848 δόμους
928 1807 947 1834 υ
958 1826 976 1836 -
988 1807 1006 1834 υ
1018 1827 1036 1836 -
1054 1783 1056 1852 l
1072 1826 1090 1836 .
1102 1807 1121 1836 o
1131 1808 1150 1836 υ
1162 1825 1188 1837 -.
1221 1783 1357 1838 Wilamo-

240 1870 347 1924 witzins
364 1871 393 1924 in
411 1870 504 1925 indice
524 1870 589 1926 lect.
604 1870 683 1925 Gott.
699 1871 776 1937 1895,
794 1887 859 1942 pag.
875 1871 917 1937 15,
936 1888 992 1942 quo
1011 1872 1245 1927 commentariolo
1264 1879 1358 1927 osten-

239 1958 288 2027 dit,
307 1975 357 2030 pro
376 1959 502 2018 diiambo
520 1976 572 2030 per
587 1959 733 2014 anaclasin
745 1959 942 2015 choriambum
956 1959 1069 2014 admitti
1083 1961 1201 2031 posse⁴),
1220 1961 1275 2016 hoc
1293 1962 1358 2017 loco

237 2047 441 2103 anaclomenon
468 2048 551 2103 illum
580 2065 596 2102 a
623 2049 811 2119 pherecrateo
839 2051 996 2117 (δεσποτῶν
1023 2045 1180 2119 θανάτοισι)
1211 2055 1358 2121 tamquam

237 2137 365 2191 clausula
387 2138 482 2209 excipi
506 2138 636 2208 censetr)
677 2137 734 2194 Sed
762 2137 945 2192 choriambus
972 2143 1036 2209 post
1064 2137 1222 2193 diiambum
1248 2140 1359 2210 positus

327 2279 351 2348 1)
370 2278 406 2333 de
420 2296 477 2350 quo
489 2296 573 2335 versu
586 2279 792 2335 Brambachius
811 2281 841 2335 in
862 2281 1003 2351 „rhythm
1016 2280 1075 2335 und
1089 2281 1240 2336 metrische
1253 2282 1358 2336 Unter-

237 2359 419 2430 snchungen“
441 2359 508 2414 inde
521 2376 538 2413 a
550 2376 616 2431 pag.
631 2361 665 2415 50
684 2361 846 2416 accuratius
865 2361 1006 2429 disseruit,
1026 2361 1075 2431 qui
1088 2360 1124 2414 ad
1138 2361 1259 2416 eundem
1272 2361 1359 2416 finem

237 2439 376 2509 pervenit.
396 2469 431 2478 —
455 2439 481 2510 2)
500 2439 519 2496 l.
538 2440 557 2494 l.
577 2456 642 2511 pag.
664 2440 705 2494 14.
724 2469 759 2478 -
782 2439 810 2510 3)
828 2440 912 2495 Metr.
932 2456 997 2511 pag.
1017 2440 1070 2494 238
1089 2441 1116 2508 (i.
1135 2457 1158 2495 e.
1178 2442 1246 2493 anni
1267 2442 1358 2511 lata:

241 2519 448 2588 ,Wcrtschluss
472 2519 548 2574 nach
575 2519 626 2574 der
654 2518 849 2574 einleitenden
875 2518 1052 2574 iambischen
1077 2518 1201 2589 Dipodie
1229 2519 1280 2574 hat
1307 2520 1359 2574 der

238 2599 358 2654 Dichter
376 2599 406 2653 in
419 2598 543 2670 Strophe
562 2599 621 2653 und
635 2598 823 2668 Antistrophe
837 2598 911 2652 wohl
925 2597 1044 2652 deshalb
1063 2598 1222 2669 gemieden‚
1241 2615 1289 2653 um
1308 2599 1359 2653 das

238 2678 392 2733 iambische
415 2679 549 2750 Vorspiel
573 2680 625 2733 mit
649 2677 714 2733 dem
736 2678 886 2750 Hauptteil
910 2677 961 2732 der
984 2669 1216 2750 Periode'enger
1239 2697 1274 2732 zu
1297 2697 1358 2734 ver-

238 2757 391 2828 lnupfen.“
412 2788 446 2796 —
465 2759 491 2826 4)
510 2759 587 2830 quod
601 2765 668 2814 ante
681 2775 746 2813 eum
760 2759 818 2813 iam
831 2759 1004 2813 Luthmerus
1023 2758 1099 2828 (diss.
1113 2759 1264 2828 Argentor.
1276 2759 1358 2829 VIII,

238 2853 303 2908 pag.
323 2838 356 2891 12
374 2839 445 2909 sqq.)
465 2838 659 2894 demonstrare
678 2845 797 2894 conatus
816 2844 868 2894 est.
887 2873 922 2880 —
946 2840 973 2908 5)
992 2838 1042 2894 sed
1062 2856 1121 2893 rem
1140 2839 1182 2893 ita
1200 2838 1307 2904 turbat,
1326 2845 1359 2892 nt

238 2917 314 2972 hunc
333 2934 446 2972 versum
463 2963 481 2973 -
492 2943 512 2971 υ
523 2964 541 2973 -
553 2944 601 2972 oo
612 2964 631 2974 -
643 2935 662 2972 ῡ
679 2919 764 2974 modo
782 2936 836 2990 pro
854 2918 981 2973 diiambo
1004 2918 1104 2987 ducat,
1127 2917 1225 2985 modo,
1248 2924 1282 2972 ut
1304 2917 1359 2972 hoc

238 2997 310 3064 loco,
328 3015 380 3068 pro
398 2997 593 3069 pherecrate0‚
613 3017 734 3071 qnorum
751 3017 842 3070 genus
857 2999 893 3053 ad
908 3000 985 3053 hunc
998 2998 1074 3054 diem
1086 3015 1170 3053 nemo
1183 2998 1359 3054 confundere

239 3094 323 3132 ausus
341 3084 392 3132 est.
429 3078 520 3133 Dicit:
546 3096 629 3149 „nam
651 3096 728 3134 nunc
747 3079 863 3150 quidem
882 3080 1099 3150 pherecrateum
1123 3095 1184 3133 esse
1203 3077 1359 3133 concedere

239 3158 327 3227 malo,
351 3159 426 3213 sicut
443 3158 571 3230 ridetur,
595 3177 631 3216 ne
650 3160 900 3215 demonstrationis
918 3177 1031 3214 cursum
1054 3159 1181 3226 turbem3
1205 3159 1359 3230 aliquando

239 3237 357 3292 fortasse
376 3238 422 3292 vel
441 3238 488 3293 hic
507 3239 544 3293 ad
562 3239 673 3294 iambos
692 3238 899 3295 revocabitur‘
938 3239 1016 3293 Huic
1035 3240 1149 3308 rationi,
1172 3238 1208 3293 de
1228 3255 1285 3309 qua
1303 3239 1359 3292 iam

238 3315 285 3371 hic
298 3316 450 3373 dicendum
463 3325 543 3390 puto,
557 3320 689 3375 assentiri
702 3337 747 3375 me
760 3337 818 3375 non
830 3336 912 3390 posse
925 3317 1069 3390 profiteor,
1089 3335 1164 3388 nam,
1182 3323 1215 3372 ut
1228 3316 1360 3388 exempla

239 3395 392 3466 docebunt,
411 3397 661 3468 pherecrateorum
680 3400 827 3471 ingenium
845 3416 903 3454 non
922 3397 1187 3469 comprehenditur,
1209 3396 1260 3452 ubi
1279 3397 1360 3468 quasi

239 3476 354 3532 iambici
375 3483 546 3535 tractantur.
583 3479 708 3534 Interest
731 3481 807 3534 enim
829 3478 954 3533 multum
976 3479 1052 3534 inter
1073 3478 1240 3548 rhythmum
1263 3493 1360 3532 ascen-

240 3555 354 3612 dentem
381 3558 567 3614 iambicorum
591 3565 620 3614 et
648 3559 869 3614 descendentem
895 3559 1159 3630 pherecrateorum,
1186 3558 1223 3614 de
1250 3574 1359 3628 quare

240 3638 400 3692 accuratius
428 3639 522 3710 capite
545 3639 591 3693 III
615 3639 661 3711 egi
684 3644 714 3694 et
737 3639 767 3694 in
791 3639 930 3710 exemplis
957 3640 1025 3710 ipsis
1053 3637 1211 3693 tractandis
1234 3637 1360 3693 breviter

240 3714 392 3788 disputavi.
433 3718 617 3775 Pherecratei
645 3720 722 3775 enim
749 3725 779 3774 et
806 3720 835 3773 in
862 3719 1027 3774 universum
1057 3718 1218 3790 logaoedici
1245 3718 1275 3772 in
1302 3717 1359 3772 fine

240 3795 373 3866 strophae
393 3813 427 3852 eo
446 3797 564 3853 consilio
577 3798 701 3853 adhibiti
719 3804 794 3865 sunt,
813 3804 846 3852 ut
864 3814 977 3868 percos
995 3794 1088 3862 πάθος
1104 3796 1291 3852 iambicorum
1309 3797 1360 3850 mi·

240 3881 384 3942 nueretur,
402 3883 432 3932 et
450 3883 544 3932 motus
562 3879 676 3933 incitati
694 3878 874 3947 sedarentur,
896 3882 960 3947 aut,
983 3882 1016 3931 ut
1034 3877 1178 3932 interdum
1196 3876 1259 3931 fieri
1277 3875 1359 3942 solet,

240 3962 420 4025 augerentur.
458 3957 632 4013 Detraheres
645 3958 766 4013 multum
779 3958 834 4012 arti
853 3957 1039 4027 Aeschyleae,
1059 3958 1082 4011 si
1095 3956 1226 4027 fingeres,
1244 3961 1359 4026 poetam

239 4035 300 4089 sine
318 4035 380 4089 nlla
398 4037 556 4092 variatione
575 4055 686 4109 semper
705 4037 827 4093 eundem
850 4053 999 4092 numerum
1017 4053 1182 4107 usurpasse,
1204 4036 1291 4090 immo
1308 4051 1361 4105 per

239 4114 448 4186 pherecrateos‚
468 4116 572 4188 quibus
590 4117 742 4188 rhythmus
755 4117 911 4184 descendit,
929 4116 1048 4188 stropha
1059 4117 1187 4171 variatur
1205 4121 1236 4171 et
1247 4120 1360 4170 senten-

239 4196 311 4265 tiae,
334 4213 491 4266 quaecum
514 4199 638 4254 numeris
663 4199 841 4270 conspirant,
865 4197 938 4253 bene
957 4197 1147 4252 illustrantur.
1166 4227 1201 4234 -
1224 4195 1300 4252 Bene
1323 4194 1359 4251 de

240 4273 375 4331 clausulis
387 4277 623 4349 logaoedicis,
641 4296 707 4334 non
721 4277 895 4348 iambicis,
913 4277 1049 4333 dixerunt
1061 4275 1254 4332 Rossbachius
1266 4275 1360 4346 (Metr.

240 4370 305 4425 pag.
324 4355 386 4425 269,
407 4374 472 4429 pag.
492 4358 567 4428 690),
591 4358 731 4412 Christius
751 4357 843 4428 (Metr.
863 4373 928 4428 pag.
948 4357 1009 4425 959,
1032 4372 1098 4427 pag.
1118 4356 1179 4424 610,
1202 4372 1267 4426 pag.
1287 4354 1359 4424 381).
