3176 5060
679 305 900 367 „81-

390 472 574 549 ἐμοιράσαντο
594 472 617 531 δ’
637 471 796 549 ὀξυκάρδιοι

389 561 520 635 κτήμαθ’,
538 557 605 621 ὥστ’
623 561 684 622 ἴσον
702 571 803 636 λαχεῖν.

391 658 564 729 διαλλακτῆρι
582 651 607 710 δ’
626 650 680 711 οὐκ

391 739 531 815 ἀμεμφεία
550 745 641 813 φίλοις

391 827 451 891 οὐδ’
469 830 596 906 ἐπίχαρις
609 828 696 908 Ἄρης.

321 925 451 996 θὴοευίι.
470 926 537 981 aare

390 1008 424 1070 τὸ
444 1010 469 1069 δ’
488 1003 554 1084 ἄγχι
572 1010 739 1082 πλευμόνων
757 1015 838 1084 ξίφος

390 1104 532 1159 διανταίαν
550 1099 700 1172 ὀξυπευκὲς
719 1099 789 1178 οὐτᾷ

390 1195 446 1249 διαὶ
463 1194 556 1260 Δίκας,
574 1187 617 1264 (τὸ
634 1186 673 1262 μή
692 1191 782 1264 θέμις)

390 1278 442 1349 λὰξ
457 1282 538 1339 πέδοι
556 1280 733 1351 πατουμένας

391 1366 423 1427 τὸ
441 1375 497 1426 πᾶν
515 1366 582 1438 Διὸς
601 1369 684 1444 σέβας
702 1389 804 1446 παρεκ-
999 1397 1225 1426 υ-υ-υ-υ-
1334 1376 1350 1427 5

388 1458 489 1533 βάντες
506 1455 541 1517 ori
558 1464 706 1530 θεμιστῶς.
1000 1479 1166 1518 -υ-υ-ῡ

320 1553 402 1608 Alter
430 1552 591 1608 trochaicus
619 1552 727 1624 optime
755 1553 840 1607 finem
868 1553 1004 1624 strophae
1035 1552 1183 1608 advenisse
1213 1552 1350 1610 declarat.

227 1643 291 1698 Nec
310 1659 367 1696 non
386 1641 470 1712 primi
488 1641 627 1710 trochaici
646 1641 703 1696 vim
721 1641 890 1712 intellegere
908 1642 980 1696 mihi
992 1641 1103 1698 videor:
1122 1643 1217 1698 verbis
1235 1635 1287 1708 λὰξ
1303 1640 1351 1696 πέ-

229 1734 274 1787 δοι
292 1729 469 1800 πατουμένας
490 1730 626 1802 ,pedibus
645 1731 763 1786 humum
782 1731 960 1788 inculcataeu
981 1732 1077 1787 thesin
1095 1732 1221 1803 incipere
1234 1748 1350 1788 necesse

230 1822 286 1890 fuit
304 1840 514 1890 ιυ-υ-υ-,
536 1820 566 1874 id
590 1820 667 1893 quod
689 1821 791 1876 melius
814 1821 933 1891 senties,
957 1822 981 1874 si
1004 1822 1065 1876 ictu
1087 1822 1146 1876 acri
1169 1821 1240 1875 haee
1262 1821 1351 1876 verba

230 1911 429 1983 pronuntiabis
447 1911 564 1983 ipseque
577 1910 650 1982 pede
663 1910 754 1966 solum
767 1910 907 1982 pulsabis:
926 1911 983 1965 iam
1002 1909 1161 1981 intelleges,
1180 1908 1280 1964 verbo:
1300 1907 1352 1976 λάξ

235 2001 326 2057 subito
344 2018 456 2056 versum
474 2002 601 2072 incipere
620 2000 738 2070 debere,
756 2017 850 2072 neque
869 2017 937 2055 vero
955 1999 1071 2056 brevem
1089 1999 1244 2070 syllabam,
1268 2006 1301 2055 ut
1319 2001 1349 2055 in

234 2090 325 2146 iambo
343 2091 385 2160 fit,
404 2092 524 2163 praeire.

572 2224 601 2294 b)
620 2220 716 2292 iambi,
736 2225 896 2294 trochaeus,
915 2224 1011 2279 iambi.

319 2316 421 2382 agam.
441 2317 509 2372 4542

337 2397 425 2474 πυρὸς
443 2398 467 2457 δ’
486 2397 534 2457 ὐπ’
553 2397 705 2474 εὐαγγέλου
981 2427 1028 2456 υ-
1041 2427 1105 2456 οι..
1118 2427 1194 2454 -υ-
1336 2404 1347 2456 l

338 2487 419 2548 πόλιν
438 2489 526 2561 διήκει
543 2489 600 2548 θοᾶ
979 2518 998 2544 υ
1010 2524 1027 2532 -
1038 2517 1057 2544 υ
1069 2524 1104 2544 ι.
1116 2524 1134 2532 -
1146 2517 1164 2544 υ
1176 2523 1193 2532 -

337 2577 423 2653 βάξις·
443 2580 470 2638 εί
486 2577 511 2636 δ’
529 2577 666 2651 ἐτήτυμος
981 2599 1177 2634 -υ-υ-υυ

338 2672 379 2736 τίς
398 2665 489 2736 οίδεν,·
507 2665 536 2725 εί
549 2687 575 2742 τι
593 2666 672 2726 θεῖόν
690 2665 748 2725 ἐστι
766 2663 805 2739 μή
824 2667 927 2741 ψύθος.
980 2697 999 2724 υ
1011 2702 1028 2711 -
1040 2695 1058 2722 υ
1070 2702 1087 2711 -
1099 2695 1118 2723 ο
1130 2701 1147 2711 -
1159 2696 1178 2723 υ
1190 2701 1206 2710 -
1219 2695 1237 2723 o
1249 2701 1266 2710 —
1278 2696 1296 2724 υ
1308 2687 1327 2723 υ

338 2761 380 2825 τίς
398 2749 453 2816 ὦδε
471 2755 588 2826 παιδνὸς
606 2751 623 2829 ή
642 2763 754 2832 φρενῶν
771 2757 952 2829 κεκομμένος,
983 2778 1296 2814 υ-υ-υ-υ-υ-υυ
1333 2763 1349 2814 5

339 2845 443 2920 φλογὸς
461 2847 688 2923 παραγγέλμασιν
983 2876 1002 2903 υ
1014 2882 1030 2890 -
1043 2876 1061 2902 υ
1073 2883 1108 2903 ι..
1120 2866 1198 2903 -ou

338 2939 411 3005 νέοις
428 2939 595 3012 πυρωθέντα
613 2940 729 3013 καρδίαν
747 2933 831 2995 ἔπειτ’
984 2967 1002 2992 υ
1014 2972 1031 2980 -
1043 2965 1062 2993 υ
1073 2973 1107 2992 μ
1121 2972 1138 2980 -
1151 2965 1169 2992 υ
1181 2971 1197 2980 -
1210 2965 1229 2992 o
1240 2972 1257 2980 -
1269 2965 1288 2992 υ
1300 2972 1317 2981 -

338 3026 369 3084 ἐν
387 3024 492 3104 ἀλλαγᾷ
510 3025 596 3099 λόγου
613 3037 728 3097 καμεῑν;
986 3055 1005 3082 υ
1016 3061 1033 3070 -
1046 3055 1064 3082 υ
1076 3061 1093 3070 -
1105 3053 1123 3082 υ
1135 3061 1153 3070 -
1164 3054 1183 3082 υ
1195 3061 1212 3069 -

337 3113 469 3190 γυναικὸς
487 3117 572 3194 αἰχμᾷ
590 3119 689 3193 πρέπει
985 3145 1004 3172 υ
1013 3151 1029 3160 -
1042 3145 1060 3172 υ
1072 3152 1107 3172 n.
1119 3151 1136 3160 -
1148 3145 1167 3172 υ
1179 3152 1196 3161 -

338 3202 394 3280 πρὸ
412 3213 464 3264 τοῦ
482 3208 618 3277 φανέντος
636 3208 717 3281 χάριν
735 3209 897 3276 ξυναινέσαι,
986 3235 1287 3263 υ-υμ-υ-υ-υ-
1318 3213 1350 3266 10

339 3293 460 3363 πιθανὸς
477 3291 548 3370 ἄγαν
566 3293 583 3354 ὁ
601 3301 688 3367 θῆλυς
705 3287 772 3372 ίίρος
790 3295 948 3367 ἐπινέμεται
984 3311 1350 3353 υ-υδυυ-υουοσυυ-

339 3385 504 3461 ταχύπορος
523 3381 592 3442 ἀλλὰ
610 3383 772 3460 ταχύμορον
985 3399 1271 3442 oceo-oceo!

339 3474 575 3549 γυναικογήρυτον
594 3467 704 3533 ὄλλυται
722 3475 811 3542 κλέος.
985 3503 1033 3530 o·
1045 3503 1064 3532 υ
1076 3510 1111 3532 a.
1123 3510 1140 3520 -
1152 3491 1321 3532 υ-υ-υο

321 3570 387 3624 Jam
406 3585 471 3640 pag.
490 3569 523 3622 21
544 3567 579 3622 de
603 3573 682 3622 recta
705 3567 817 3638 apodici
841 3566 1031 3639 descriptione
1055 3569 1143 3623 verba
1164 3569 1295 3638 fecimus,
1319 3575 1351 3624 ut

230 3658 306 3714 nihil
324 3657 371 3714 hic
390 3657 553 3713 addendum
565 3673 626 3712 esse
638 3662 746 3728 putem,
765 3657 820 3712 nisi
832 3658 906 3713 forte
926 3657 962 3712 de
980 3658 1034 3712 hac
1053 3675 1083 3713 re
1102 3658 1275 3714 monendum
1288 3659 1351 3728 erit,

231 3749 384 3803 transitum
412 3765 449 3802 ex
475 3745 598 3802 iambico
622 3763 739 3802 numero
762 3748 790 3801 in
820 3747 997 3803 trochaicum
1025 3749 1128 3802 nostris
1151 3747 1266 3802 auribus
1293 3765 1351 3802 non

232 3838 342 3910 percipi
360 3854 451 3910 posse,
470 3853 527 3908 qua
544 3853 575 3891 re
588 3853 681 3892 errare
700 3843 771 3909 puto
785 3837 978 3905 Govaertium,
998 3838 1047 3907 qui
1059 3837 1140 3892 dicit¹
1163 3854 1209 3904 ,ce
1229 3838 1350 3907 change-

232 3933 312 3983 ment
333 3945 369 3983 ne
388 3928 471 3982 laissa
490 3944 541 3998 pas
560 3926 649 3982 d'etre
668 3927 775 3997 parfois
794 3943 871 3981 assez
890 3926 1014 3981 sensible
1033 3926 1123 3982 meme
1142 3930 1159 3980 a
1178 3944 1233 3981 une
1253 3927 1351 3981 oreille

233 4017 397 4085 moderne,“
418 4024 447 4072 et
458 4017 537 4072 'haec
556 4015 593 4070 ad
611 4021 739 4070 nostrum
758 4017 853 4070 locum
871 4017 992 4072 rettulit.
1030 4016 1089 4070 Nos
1109 4017 1193 4084 enim,
1212 4017 1236 4070 si
1254 4022 1351 4071 nostro

234 4108 291 4161 ritu
315 4123 411 4162 versus
434 4107 599 4175 recitamus,
626 4104 703 4160 bono
726 4106 821 4160 animo
845 4105 988 4178 pergimus
1016 4105 1125 4176 legere,
1152 4105 1193 4158 nil
1218 4111 1351 4160 curantes

234 4197 390 4268 incipiatnc
409 4212 506 4250 versus
524 4195 626 4250 tertius
644 4194 719 4249 thesi
737 4211 774 4248 an
793 4193 857 4250 arsi.

234 4299 446 4306 .-.-.-.—.-——

325 4341 350 4410 1)
369 4338 496 4393 Histoire
515 4342 545 4391 et
563 4336 673 4392 theorie
693 4336 728 4392 de
747 4338 775 4391 la
794 4355 864 4392 mus.
884 4336 919 4391 de
938 4337 1068 4406 l'antiqu.
1088 4335 1127 4404 II,
1145 4352 1210 4408 pag.
1231 4338 1272 4392 72.

287 4438 404 4490 Pronus,
423 4437 459 4478 Da
473 4437 586 4478 versuum
601 4439 643 4478 ate.
1174 4427 1190 4480 6
