3176 5060
708 292 933 350 ..36-

207 477 213 488 ’
262 465 424 538 strophicus
436 482 534 520 versus
548 463 756 534 antistrophico
769 479 807 516 an
819 462 867 517 hio
886 460 929 516 illi
949 465 1134 532 exaequetur,
1154 459 1289 531 quoniam
1307 464 1384 513 utra·

261 573 317 627 que
341 556 433 611 forma
456 555 581 610 occurrit
598 579 618 607 υ
630 587 664 606 α.
676 598 694 607 -
706 579 725 606 υ
737 597 755 608 .
766 577 785 605 υ
796 597 815 607 -
833 557 863 606 et
881 576 900 604 o
911 583 946 604 e.
959 583 994 604 a.
1006 596 1025 604 -
1036 575 1055 603 υ
1067 593 1098 618 .,
1123 555 1152 605 et
1176 548 1283 604 indicia
1306 553 1384 603 certa

261 644 373 712 desunt,
393 643 497 714 quibus
509 644 571 697 nixi
584 643 651 696 huic
664 641 710 696 vel
729 641 773 696 illi
792 639 898 711 speciei
916 639 1041 710 palmam
1054 639 1160 694 demus.
1192 638 1288 692 Etiam
1301 653 1385 691 versu

261 732 453 804 respondente
477 733 578 802 lutiae
601 747 658 802 quo
683 747 727 785 me
753 735 861 784 vertam
890 729 998 793 nescio,
1026 728 1081 782 nisi
1109 727 1186 798 quod
1213 727 1269 782 hoe
1296 743 1384 780 unum

262 827 388 890 constat,
412 820 532 876 verbum
555 814 696 888 άσφαλέας
719 825 885 890 corruptum
913 835 987 886 esse,
1014 816 1064 872 sed
1087 823 1184 871 utrum
1207 816 1313 871 rectius
1339 815 1384 880 sit,

262 911 416 966 dimetrum
440 909 530 964 altero
554 908 626 980 pede
651 925 728 978 sync.
749 909 894 978 διωγμοῖσι
912 952 930 961 -
942 932 990 962 o.
1009 922 1045 961 an
1065 905 1219 960 dimetrum
1242 905 1333 960 altero
1356 910 1385 958 et

753 1007 815 1032 vt..-
846 1003 989 1032 ,tl-u-

263 1073 349 1127 tertio
369 1071 442 1143 pede
460 1087 552 1141 sync:
571 1072 704 1138 διωγμοῖς
722 1113 740 1124 .
752 1093 771 1121 υ
782 1113 800 1124 .
819 1075 955 1136 statuere,
974 1066 1125 1122 diiudicari
1143 1067 1251 1138 nequit.

577 1167 640 1196 Ue.-
668 1172 703 1193 t.-
721 1165 799 1196 ..υ-

609 1292 639 1359 b)
658 1307 783 1362 syncope
803 1291 832 1345 in
851 1290 937 1344 tertio
956 1288 1037 1360 pede.

353 1409 440 1463 Pers.
458 1405 512 1462 978
529 1427 565 1457 ω
583 1406 647 1461 aot.

353 1498 440 1552 Pers.
459 1496 527 1550 9802
548 1487 581 1547 ld
601 1489 645 1556 lui,
664 1491 793 1562 δαίμονες
811 1515 847 1544 ω
864 1492 932 1549 9869
951 1488 1064 1548 Ἰαόνων
1075 1495 1223 1564 ναυβατᾶν.
1255 1492 1390 1546 Reiterus

265 1605 301 1642 ex
314 1584 520 1640 consuetudine
540 1585 619 1652 sua¹)
637 1577 731 1637 Ἰάνων
743 1582 866 1637 Medieei
885 1583 1013 1649 retinuit,
1032 1582 1109 1653 quod
1122 1578 1205 1646 τονάς
1216 1599 1274 1636 non
1288 1581 1389 1636 eodem

265 1692 363 1730 versus
381 1674 444 1727 loco
458 1672 550 1726 redire
564 1677 695 1742 oportere
711 1670 854 1726 credebat.
887 1671 943 1726 Sed
956 1671 1029 1726 nihil
1048 1672 1176 1740 interest,
1194 1671 1389 1726 scribamusne

265 1758 377 1818 Ἰαόνων
394 1779 431 1816 an
450 1757 553 1824 Ἰάνων,
572 1777 637 1814 nam
661 1765 783 1830 utraque
803 1760 894 1814 forma
917 1761 1024 1831 pariter
1043 1759 1205 1826 adhibetur,
1225 1760 1272 1814 hic
1291 1765 1389 1814 antem

266 1870 316 1906 cur
335 1851 548 1923 responsionem
561 1849 746 1920 neglegamus
764 1848 837 1902 nihil
856 1865 959 1904 causae
972 1848 1064 1904 video,
1097 1849 1251 1904 Praeterea
1269 1854 1389 1919 accepto

265 1937 378 1994 Ἰαόνων
396 1956 493 1994 versus
517 1937 618 1992 melius
642 1938 740 1991 currit.
778 1936 914 1992 Similiter
937 1955 981 1992 res
1005 1939 1081 1991 infra
1098 1938 1135 1992 V.
1157 1938 1210 1994 998
1233 1955 1263 1992 se
1286 1937 1388 2004 habet;

266 2047 317 2084 cur
335 2029 377 2083 ibi
396 2033 495 2081 contra
515 2027 552 2083 M.
572 2021 667 2080 Ἰάνων
684 2025 903 2097 praeferendum
923 2027 969 2096 sit,
987 2026 1051 2082 loco
1070 2043 1121 2081 sno
1141 2026 1352 2098 explanabitur.

356 2119 443 2173 Pers.
462 2117 530 2172 0812
555 2108 651 2168 ἔθεσθ’
671 2108 791 2170 άελατον
809 2112 905 2170 κακόν.
948 2117 1096 2188 Scriptura
1120 2116 1235 2187 quidem
1259 2116 1388 2172 codicum

265 2208 338 2261 haec
357 2212 412 2260 est:
433 2197 516 2270 ἔθετ’,
534 2204 584 2258 sed
597 2210 630 2258 ut
649 2205 829 2276 antistropha
847 2207 916 2263 987:
934 2201 1087 2276 κύρσαντες
1104 2199 1158 2260 οὐκ
1175 2200 1308 2274 εὐτυχῶς,
1328 2212 1389 2260 tum

267 2301 363 2350 autem
387 2301 542 2350 metrorum
566 2294 595 2347 in
619 2293 674 2348 hae
693 2294 811 2365 stropha
830 2299 1031 2365 usurpatorum
1054 2311 1181 2349 conexus
1203 2293 1301 2363 docet,
1324 2311 1390 2348 cnm

267 2383 442 2440 Schneidero
466 2375 561 2437 ἔθεσθ’
585 2382 738 2453 legendum
762 2383 838 2454 esti)
874 2383 1035 2454 Reiterus⁸)
1060 2390 1157 2439 autem
1179 2401 1238 2438 non
1266 2382 1390 2452 dubitat,

267 2474 355 2530 talem
374 2474 501 2544 proferre
520 2472 745 2543 responsionem:

837 2537 911 2597 ἔθετ’
931 2538 1052 2598 ἄελπτον
1069 2540 1158 2598 κακόν
1175 2556 1223 2597 co
1234 2569 1253 2596 υ
1265 2575 1300 2596 ε-
1312 2589 1331 2597 -
1342 2569 1361 2595 υ
1372 2561 1391 2595 a

785 2629 918 2705 ωκάρσ.
938 2628 991 2687 οὐκ
1009 2629 1066 2688 eds.
1175 2651 1391 2688 ῡ-υμ.-υ-

269 2725 390 2777 Versum
413 2723 591 2777 trochaicum
615 2728 710 2776 autem
734 2722 857 2776 iambico
876 2723 1047 2792 respondere
1067 2741 1124 2778 non
1143 2741 1238 2794 posse,
1259 2740 1324 2795 pag.
1344 2724 1391 2794 5(ss

269 2812 436 2866 monuimus.

358 2903 413 2969 hg.
432 2902 500 2958 1322
519 2897 605 2954 τόσον
623 2917 676 2972 περ
692 2916 816 2970 ευφρων,
835 2898 914 2966 καλά,
933 2901 983 2955 uhi
997 2901 1043 2956 M:
1061 2899 1171 2956 τόσσων
1183 2903 1220 2957 ab
1234 2902 1393 2957 editoribus

269 2997 346 3045 recte
365 2991 394 3043 in
414 2985 499 3044 τόσον
512 2990 694 3044 emendatum
714 2995 766 3048 est.
797 2991 892 3044 Metro
905 3008 1019 3060 prorsus
1033 2992 1212 3046 satisfactum
1232 2997 1283 3059 est,
1304 3007 1391 3062 quare

269 3096 513 3150 supervacaneum
532 3080 596 3148 fuit,
615 3097 678 3134 cum
692 3081 857 3150 Hartungio
877 3086 943 3134 ante
962 3077 1033 3134 καλά
1052 3082 1204 3135 articulum
1223 3073 1241 3134 ά
1259 3082 1392 3150 inserere,

269 3174 302 3222 ut
325 3168 446 3222 dimeter
469 3185 527 3222 non
551 3175 724 3239 syncopatae
749 3171 897 3236 existeret,
927 3169 1003 3239 quod
1025 3168 1227 3240 Schmidtins4)
1250 3169 1393 3240 probavit,

270 3263 320 3311 aut
348 3274 412 3312 cum
436 3256 641 3326 Weckleiniou
670 3259 821 3329 suspicari,
845 3275 957 3312 versum
985 3257 1022 3312 ab
1045 3259 1129 3312 initio
1156 3259 1231 3312 hanc
1259 3258 1392 3312 habuisse

270 3346 405 3416 speciem:
425 3342 511 3400 τόσον
528 3363 581 3418 περ
601 3335 716 3417 εὖφρον,
736 3336 759 3400 ὦ
778 3341 849 3401 καλά
867 3344 934 3409 Διὸς
951 3343 1030 3418 κόρα.

359 3437 413 3503 hg.
432 3436 484 3489 239
504 3457 539 3486 ω
557 3435 621 3490 249.
659 3439 713 3503 Ag.
733 3437 786 3492 358
804 3458 840 3487 cx>
858 3438 921 3492 375.

359 3527 414 3592 hg.
433 3523 501 3582 atae
523 3517 646 3578 πατοῖθ’.
666 3517 681 3578 ὃ
701 3517 725 3578 δ’
745 3520 798 3579 οὐκ
816 3523 931 3595 εὐσεβής
950 3547 984 3577 ω
1003 3528 1071 3581 376:
1091 3526 1176 3597 τριβῳ
1195 3527 1290 3580 τεκαὶ
1309 3541 1394 3596 προσ-

270 3616 373 3682 βολαῖς.
411 3612 615 3681 Responsionis
639 3629 725 3667 causa
748 3614 902 3668 Triclinius
925 3632 955 3668 τε
978 3614 1142 3683 addiderat,
1165 3614 1216 3669 sed
1234 3615 1394 3683 Reiterusl)

271 3701 301 3754 iu
319 3706 404 3755 textu
422 3699 530 3755 tradito
549 3705 608 3754 tam
627 3701 705 3756 lente
728 3701 866 3769 inhaesit,
891 3709 924 3756 ut
947 3703 1018 3758 haec
1043 3703 1097 3757 sibi
1120 3703 1292 3774 respondere
1311 3703 1394 3758 velit:

324 3815 342 3842 o
353 3835 372 3843 -
383 3815 402 3842 υ
414 3823 449 3841 μ
461 3835 479 3844 -
491 3815 510 3841 υ
521 3835 539 3843 -
558 3789 615 3844 Sed
634 3792 776 3861 particula
794 3810 825 3846 τε
844 3793 1007 3862 saepissime
1025 3793 1055 3846 in
1075 3793 1221 3848 codicibus
1243 3794 1395 3862 omittitur,

271 3901 306 3930 ω
324 3903 342 3930 o
355 3911 389 3930 a.
402 3910 437 3930 ε.
450 3923 467 3932 -
479 3904 498 3930 o
509 3922 527 3932 -
547 3884 578 3932 ut
597 3881 719 3935 mutatio
738 3881 867 3936 Triclinii
886 3880 964 3935 haud
983 3881 1099 3935 insolita
1117 3883 1161 3936 sit.

361 3970 415 4035 ng.
435 3968 488 4022 ωε
506 3990 542 4019 ω
560 3969 624 4025 seo.
662 3972 716 4038 ng.
736 3971 788 4024 sae
807 3993 843 4022 tx)
861 3972 924 4027 sto.

363 4128 426 4197 1)1.
445 4128 464 4181 l.
483 4144 548 4198 pag.
570 4128 629 4181 173.
654 4159 687 4168 —
712 4129 739 4197 2)
757 4129 953 4184 Hermannus:
978 4131 1107 4197 δαίμονες
1123 4136 1127 4200 Ι
1144 4125 1243 4196 ἔθεντ’,
1264 4131 1395 4185 Weilius:

273 4203 414 4273 δαιμόνων
430 4210 433 4276 Ι
450 4207 567 4262 θέντων.
587 4239 621 4248 —-
641 4209 668 4277 3)
687 4209 705 4263 l.
724 4210 743 4263 l.
763 4227 828 4280 pag.
850 4212 909 4265 173.
929 4242 963 4250 —
982 4213 1009 4277 4)
1029 4211 1144 4266 Kunstf.
1163 4213 1186 4279 I,
1207 4229 1271 4282 pag.
1287 4213 1346 4267 148.
1362 4244 1396 4253 -

272 4289 299 4355 b)
318 4287 348 4339 in
368 4287 488 4342 Orestia.
509 4319 543 4327 -
563 4290 589 4358 6)
608 4288 626 4341 l.
646 4288 665 4344 l.
683 4306 748 4360 pag.
771 4290 829 4343 154.
