3176 5060
709 317 930 376 ..38-

256 502 340 540 versu
362 487 508 557 strophico
532 486 655 542 alterum
679 483 713 541 ἰώ
736 487 966 559 exstirpaverim,
994 503 1074 557 nam,
1102 494 1136 543 ut
1158 491 1269 544 numeri
1291 490 1381 545 totius

255 574 390 645 strophae
409 574 546 641 iudicant,
565 574 633 629 solis
652 575 781 630 iambicis
800 575 848 630 hic
866 575 946 631 locus
965 581 1009 630 est
1027 593 1120 647 neque
1138 594 1206 632 vero
1225 579 1274 632 uni
1293 577 1381 633 doch-

256 663 312 726 mio
330 663 445 718 inserto.

346 751 399 810 011.
418 753 471 806 410
490 773 526 803 ω
543 753 607 808 440.
645 753 698 809 (lh.
717 753 770 808 420
788 774 824 804 ω
842 753 907 809 441.

346 840 398 897 eh.
417 841 470 896 424
488 862 524 892 ω
542 842 605 897 420.
643 842 696 898 ch.
716 843 768 897 425
786 863 822 894 ω
841 833 904 898 tao.

347 929 398 986 (lh.
418 930 486 986 0181
505 925 685 1002 θεοστυγήτῳ
701 925 725 984 d'
740 921 802 1000 α”γει
814 953 850 982 ω
862 933 915 987 010
934 923 977 986 ἐπ’
996 927 1076 1002 όνόρὶ
1094 929 1282 1005 τευχεσφόρῳ.
1301 933 1380 988 Stro-

256 1019 343 1090 pham
362 1023 439 1074 recte
458 1025 523 1089 post
541 1019 750 1089 antistropham
769 1021 865 1090 posuit
883 1021 1040 1076 Preussius.

345 1108 431 1162 Eum.
450 1108 518 1163 2581
538 1104 769 1176 δυσαγκόμιστον,
787 1116 887 1173 παπαῖ,
906 1126 990 1179 quem
1010 1127 1122 1164 versum
1136 1110 1304 1166 Diudorfius
1311 1113 1330 1182 ¹)
1349 1112 1378 1166 iu

256 1195 544 1251 iambico-trochaicis
568 1203 699 1252 numerat
716 1223 735 1250 υ
746 1241 764 1250 -
776 1223 794 1249 υ
806 1240 823 1250 .
841 1199 844 1266 )
861 1240 877 1250 .
889 1223 908 1249 υ
919 1241 949 1266 -,
974 1213 1059 1268 quam
1081 1199 1220 1254 rationem
1240 1216 1297 1254 non
1316 1217 1381 1271 pro-

256 1285 381 1339 bandam
400 1301 460 1339 esse
479 1286 537 1339 iam
555 1287 668 1357 saepius
686 1286 818 1341 vidimus.

346 1377 431 1431 Eum.
450 1376 517 1431 5771
536 1373 613 1441 μένει
632 1373 694 1446 γάρ·
714 1370 873 1445 εὐμήχανοι.
910 1376 978 1431 Miri
997 1377 1127 1448 profecto
1147 1395 1243 1432 versus
1262 1395 1299 1433 ex
1316 1396 1380 1433 sen·

256 1464 349 1518 tentia
362 1462 531 1532 Dindorfii⁹)
550 1463 728 1534 prodierunt,
747 1465 795 1536 qui
815 1464 881 1520 inde
895 1463 1000 1532 αμένει
1019 1483 1109 1537 usque
1129 1466 1166 1520 ad
1180 1469 1279 1533 σεμναί
1291 1468 1379 1523 verba

256 1551 406 1606 coniunxit
425 1551 509 1606 etde
534 1552 673 1620 „iambico
693 1554 798 1607 cretico
822 1553 930 1625 duplici
954 1571 1019 1609 oum
1043 1555 1283 1626 ischiorrhogico“
1304 1557 1380 1627 cogi·

256 1641 337 1695 tavit.
374 1641 455 1695 Haec
475 1641 572 1711 opinio
590 1657 667 1695 nunc
686 1640 801 1711 quidem
819 1659 899 1697 arma
916 1643 1020 1713 posuit,
1042 1659 1109 1698 nam
1127 1661 1225 1698 versus
1244 1644 1380 1700 dimetros

256 1729 394 1783 iambicos
418 1746 478 1784 esse
502 1731 618 1799 scimus,
643 1731 693 1800 qui
716 1737 781 1801 post
804 1749 928 1803 paeones
947 1739 1063 1803 quartos
1085 1733 1158 1788 bene
1182 1733 1218 1788 ad
1242 1734 1380 1790 leniorem

257 1835 329 1888 quae
353 1819 482 1889 sequitur
504 1821 677 1875 sententiam
701 1820 857 1891 quadrant,
886 1838 951 1875 cum
973 1823 1034 1877 sine
1061 1822 1265 1891 solutionibus,
1293 1825 1379 1878 immo

255 1913 350 1971 τοναῑς
367 1907 490 1978 praediti
509 1908 676 1978 rhythmum
694 1927 824 1964 severum
836 1917 959 1964 servent.
988 1911 1131 1982 Imprimis
1149 1912 1245 1966 initio:
1267 1919 1380 1982 ,manet

256 1995 369 2050 firmum
382 1997 453 2050 hoc“
462 1999 482 2066 8)
495 1997 635 2052 iambicus
647 1998 798 2068 rhythmus
810 1999 989 2053 maiestatem
1000 2001 1107 2071 optime
1118 2000 1256 2071 depingit.
1267 2023 1303 2053 cx>
1315 2001 1378 2057 585.

328 2086 413 2141 llum.
437 2086 489 2140 578
511 2107 548 2137 ω
570 2087 633 2142 380.
674 2087 755 2157 Sept.
781 2089 848 2144 1511
880 2081 913 2140 lvi
938 2095 1088 2159 παναρκεῖς
1115 2089 1185 2144 θεοί.
1232 2088 1304 2144 (lum
1332 2090 1380 2145 hic

257 2190 353 2227 versus
368 2190 402 2227 ae
414 2190 536 2244 sequens
554 2175 617 2244 pari
629 2175 717 2230 verbo
736 2177 908 2246 inciperent:
928 2169 962 2230 ἰιό
975 2193 1093 2246 παναρκ.
1114 2171 1148 2231 lul
1160 2176 1268 2244 τέλειοι,
1281 2185 1379 2234 nostro

256 2280 340 2316 versu
364 2262 484 2317 dimetro
508 2264 598 2334 magis
621 2265 754 2332 faverim,
779 2282 865 2335 quam
884 2264 1016 2320 dochmio
1039 2267 1135 2321 iambo
1155 2269 1322 2337 praemisso,
1346 2274 1379 2321 ut

257 2350 428 2419 Seidlerus⁴l
447 2352 547 2407 voluit.
567 2374 603 2403 cx>
622 2354 689 2408 1581
709 2347 742 2405 ἰιό
762 2355 837 2422 φίλοι
856 2354 1017 2424 δαίμονεςό)

346 2441 427 2512 Sept.
451 2441 519 2497 2731
544 2435 594 2494 τόν
616 2436 764 2510 ἀμφιτειχῆ
788 2438 861 2496 λεών
879 2465 914 2494 ω
933 2444 1000 2499 2001
1031 2430 1106 2515 ὕδωρ
1130 2460 1161 2497 τε
1183 2445 1314 2516 Διρκαῖον
1336 2442 1380 2500 εό-

256 2530 337 2584 Sitne
357 2546 421 2583 cum
441 2530 495 2584 hoc
513 2546 598 2584 versu
616 2547 738 2600 sequens
757 2530 987 2602 coniungendus:

345 2619 414 2675 2741
434 2617 596 2689 δράκοντας,
616 2607 656 2683 dg
674 2638 715 2684 τις
732 2617 839 2674 τέκνων
851 2642 887 2671 ω
905 2622 956 2676 201
971 2619 1211 2692 -τραφέστατον
1228 2619 1379 2689 πωμάτων,

256 2713 289 2761 ut
307 2713 474 2762 tetrameter
491 2709 577 2762 tertio
591 2715 620 2763 et
639 2709 760 2779 septimo
779 2709 852 2780 pede
871 2726 950 2778 syne.
970 2710 1124 2780 exsistam),
1144 2710 1302 2766 diiudicare
1321 2729 1379 2766 non

150 2821 153 2828 ·
256 2797 359 2864 ausim,
384 2796 419 2851 de
439 2813 496 2866 qua
514 2814 544 2850 re
563 2798 620 2850 iam
639 2814 704 2867 pag.
724 2798 758 2851 23
777 2798 934 2852 docuimus.
971 2799 1006 2852 ln
1028 2799 1121 2854 medio
1140 2817 1199 2854 rem
1218 2800 1379 2871 relinquere

256 2885 303 2939 hic
323 2902 436 2957 quoque
456 2892 570 2940 coactus
589 2904 660 2954 sum,
679 2903 744 2940 cum
763 2893 842 2941 certa
860 2887 968 2942 indicia
987 2888 1089 2943 desint.

346 2975 426 3044 Sept.
456 2977 524 3031 7171
555 2970 670 3030 ἐπειδὰν
697 2968 875 3040 αὐτοκτόνως
897 2999 932 3030 ω
956 2980 1008 3033 725
1035 2981 1187 3047 παλαιγενῆ
1217 2972 1270 3049 γὰρ
1298 2977 1378 3049 λέγω.

255 3063 489 3119 Wilamowitzius
512 3064 601 3119 verba
623 3082 713 3137 usque
738 3065 774 3119 ad
798 3059 984 3137 oixrinocvoffl)
1013 3086 1070 3122 non
1093 3069 1263 3139 interrumpi
1286 3070 1379 3124 voluit

255 3152 465 3223 iambicumque
479 3170 591 3207 versum
612 3171 645 3208 ea
658 3154 772 3209 efficere
792 3154 891 3224 credit,
910 3156 982 3210 nihil
1002 3173 1105 3210 curans
1116 3157 1205 3211 verba
1223 3159 1381 3228 παρβασίαν

256 3237 416 3297 ω’κόποινον
430 3263 466 3292 ω
485 3237 663 3298 αότοόόῖκτοι
678 3239 804 3297 θάνωσιν
815 3288 833 3298 -
845 3269 864 3297 υ
874 3269 893 3296 υ
905 3277 940 3297 ι.
952 3289 970 3298 -
981 3271 1000 3299 υ
1011 3290 1029 3298 -
1040 3271 1059 3298 o
1077 3245 1245 3315 rhythmum
1264 3246 1380 3301 descen·

256 3332 372 3386 dentem
391 3331 561 3402 praebere.⁸)

345 3421 634 3490 smmmm

346 3508 428 3579 Sept.
449 3511 516 3565 7221
535 3510 577 3573 τίς
594 3502 629 3565 ἄν
648 3527 701 3578 σφε
719 3506 861 3576 λούσειεν·
880 3501 910 3565 ὦ.
949 3512 1320 3569 Weckleinius-Zomarides
1343 3514 1379 3569 de

260 3597 372 3651 duobus
391 3598 527 3652 trimetris
546 3599 758 3668 cogitaverunt:
781 3600 822 3664 τίς
840 3593 875 3654 όν
893 3597 1055 3668 σφε-δόμων
1067 3601 1069 3664 l
1082 3599 1139 3656 νέοι
1157 3617 1186 3656 π.
1206 3619 1288 3670 συμμ.
1308 3621 1380 3668 κατα,

255 3758 390 3827 rhythmo
409 3758 484 3812 viam
504 3759 650 3828 aperiunt,
675 3776 760 3830 quam
779 3776 844 3815 cum
862 3761 979 3816 Reitero
998 3760 1111 3816 traditis
1130 3761 1216 3816 fidem
1234 3769 1379 3832 praestare

256 3844 285 3892 et
302 3854 414 3891 versum
433 3837 519 3908 plane
538 3854 668 3898 aversum
687 3839 724 3893 ab
743 3857 797 3894 usu
815 3840 947 3895 sollemni
965 3841 1100 3912 recipere.
1119 3875 1154 3881 —
1167 3841 1257 3895 Recte
1276 3842 1379 3896 dehac

255 3934 285 3972 re
308 3916 447 3971 iudicavit
465 3917 499 3970 R.
519 3917 650 3973 Klotzius
673 3919 703 3972 in
732 3919 853 3988 „Berlin
873 3921 973 3992 philol.
992 3921 1213 3976 Wochensehr.“
1233 3922 1291 3989 IX,
1314 3939 1379 3992 pag.

255 3996 316 4050 276.
336 4026 370 4032 -—
391 3997 416 4064 1)
435 3996 519 4051 Metr.
539 4015 604 4068 pag.
624 3999 667 4052 52.
688 4029 720 4038 -
742 4000 768 4067 2)
788 4000 872 4055 Metr.
892 4018 956 4071 pag.
976 4002 1019 4056 55.
1039 4033 1073 4041 —
1093 4001 1120 4070 3)
1139 4002 1179 4055 sic
1199 4001 1273 4055 enim
1292 4003 1379 4056 inter-

255 4075 426 4145 pretandum
446 4082 501 4142 est;
521 4077 557 4130 cf.
578 4078 776 4132 Hermannum
794 4079 824 4133 in
844 4096 940 4150 opusc.
960 4081 1011 4146 VI,
1031 4081 1055 4149 2,
1075 4097 1140 4150 pag.
1161 4081 1203 4134 74.
1223 4081 1378 4143 -4)1.1.

255 4171 320 4226 pag.
342 4157 400 4208 115.
423 4185 462 4196 =-
491 4159 517 4227 5)
536 4156 572 4211 de
592 4157 692 4212 eodem
710 4158 798 4212 verbo
817 4160 900 4213 initio
918 4177 1016 4214 versus
1037 4161 1175 4230 strophici
1194 4167 1223 4214 et
1246 4161 1379 4215 antistro-

255 4235 333 4305 phici
352 4237 462 4290 monuit
481 4236 621 4292 Christius
640 4238 669 4291 in
688 4238 773 4292 Metr.
792 4255 856 4309 pag.
878 4240 938 4294 642.
958 4274 993 4280 -
1012 4241 1038 4308 6)
1057 4246 1091 4294 ut
1108 4239 1228 4294 Weilius
1248 4241 1324 4295 feeit.
1345 4271 1378 4280 ·-

256 4316 281 4380 7)
301 4315 319 4368 l.
339 4315 358 4370 l.
377 4332 442 4386 pag.
462 4318 505 4372 26.
525 4349 559 4358 -
578 4317 605 4385 8)
624 4318 659 4371 ef.
679 4317 716 4370 ad
735 4335 761 4371 v.
782 4319 833 4373 719
853 4335 917 4390 pag.
938 4320 980 4374 30.
