3176 5060
689 341 733 348 .-
780 308 912 365 24..

240 471 308 546 ysico
323 478 327 543 Ι
343 471 393 530 ite
413 472 524 548 δάκρνῑ)
545 495 611 531 cum
632 483 719 548 poeta
736 477 890 532 dimetrum
908 478 938 532 in
957 477 1028 532 duas
1046 483 1142 548 partes
1161 477 1282 532 divisum
1302 495 1362 534 csse

239 564 326 618 altius
349 565 449 619 efferre
471 564 627 633 studuerit,
656 565 732 635 quod
758 565 845 620 etiam
868 565 996 620 versibus
1024 565 1261 620 antecedentibus
1284 567 1362 635 fecit,

239 650 289 706 ubi
308 651 449 707 diiambus
468 654 575 723 primus
594 653 694 708 eodem
713 653 801 708 verbo
819 655 921 724 incipit
939 660 972 708 ut
991 653 1133 708 diiambus
1151 655 1256 724 alter.⁸)

328 741 411 811 Sept.
430 743 498 797 9463
522 737 601 796 οὐδ’
621 731 688 796 αὖτε
710 744 757 796 καὶ
780 738 917 797 πανάθλιε
934 765 971 794 ω
988 744 1057 799 9663
1083 745 1185 807 σωθεὶς
1207 742 1238 798 δὲ
1262 741 1362 812 πνεῦμ’

239 822 383 883 ἀπώλεσεν
387 850 398 894 ,·
416 830 463 884 hic
482 831 590 900 primus
608 847 658 900 pes
671 831 814 901 spondeus
827 837 878 900 est,
898 833 947 902 qui
960 831 1105 886 interdum
1117 849 1169 903 pro
1182 850 1254 903 puro
1267 833 1363 888 iambo

231 919 418 988 supponitur.
449 918 709 974 Observandum
727 925 824 975 autem
842 921 897 975 hoc
910 926 961 989 est,
980 921 1004 974 si
1017 920 1211 992 compluribus
1224 922 1363 993 exemplis

240 1008 371 1086 occurrit,
391 1025 483 1078 neque
497 1025 563 1062 vero
583 1026 648 1063 cum
667 1009 780 1075 accidit,
800 1011 897 1064 statim
916 1011 1119 1081 expellendum
1138 1017 1189 1065 est.
1220 1012 1363 1082 Imprimis

240 1097 450 1151 Heimsoethius
473 1097 528 1152 hac
552 1099 581 1152 in
605 1116 635 1153 re
660 1100 751 1167 valet,
777 1105 929 1170 postquam
952 1101 1008 1154 iam
1032 1100 1211 1154 Hermannus
1234 1101 1264 1154 in
1288 1101 1362 1155 hanc

240 1185 475 1240 consuetudinem
497 1187 680 1255 inclinarit.³)
722 1188 937 1243 Heimsoethius
964 1189 1053 1260 igitur
1076 1188 1294 1242 Lachmannum
1321 1207 1363 1244 se·

240 1282 323 1330 entus
342 1277 436 1339 συθείς
453 1277 641 1347 3333333111),
666 1278 852 1348 quodetiam
871 1277 981 1332 Weckl.
1006 1309 1039 1318 -
1064 1277 1228 1332 Zemarides
1251 1279 1280 1332 in
1305 1278 1362 1333 edi·

240 1365 348 1419 tionem
366 1365 491 1435 recipere
510 1365 588 1419 haud
608 1365 823 1420 dubitaverunt.
861 1365 1010 1437 Spondeus
1029 1372 1125 1420 autem
1144 1366 1231 1436 culpa
1252 1369 1362 1435 careni)

229 1527 232 1532 .
328 1455 411 1524 Sept.
425 1455 493 1509 9513
513 1455 574 1507 ΑΝ3
594 1456 677 1509 διπλᾶ
689 1454 788 1524 λέγειν.
809 1457 964 1511 ΙΣεδιπλᾶ
981 1449 1006 1508 δ’
1016 1448 1092 1526 ὁρᾶν.
1120 1454 1218 1511 Verba
1231 1457 1260 1510 in
1274 1474 1363 1510 unum

240 1560 352 1597 versum
370 1543 575 1598 coniunxerim.
595 1575 630 1582 —
649 1545 717 1599 9663
736 1546 790 1598 AN
793 1564 799 1598 3
819 1541 905 1598 τάλαν
923 1543 1010 1613 γένος.
1031 1545 1091 1602 ΙΣ3
1109 1543 1195 1598 τάλαν
1213 1541 1313 1609 πάθος.

328 1631 410 1703 Sept.
434 1633 502 1688 9743
529 1626 563 1686 σὺ
588 1627 613 1686 δ’
636 1628 720 1687 οὐδὲν
743 1621 858 1705 ὕστερος
880 1629 990 1701 μαθών,
1021 1633 1097 1704 qnod
1121 1633 1362 1704 Heimsoethius⁶)

240 1722 317 1777 idem
336 1724 527 1793 responsionis
546 1740 619 1794 quae
639 1723 745 1777 dicitur
764 1739 850 1776 causa
868 1723 990 1777 mutavit
1009 1723 1039 1776 in
1053 1717 1086 1775 σὺ
1099 1717 1123 1776 δ’
1137 1716 1172 1775 οὔ
1185 1741 1228 1776 νιν
1247 1712 1364 1794 ὕστερον

242 1804 354 1878 ἔμαθες,
374 1830 439 1866 cum
458 1812 675 1867 antecedentem
694 1829 806 1866 versum
825 1811 1001 1882 strophicum
1020 1816 1143 1880 putaret.

329 1901 411 1971 Sept.
431 1905 494 1957 975.

328 1992 409 2062 Sept.
429 1993 496 2047 9793
522 1993 584 2044 AN:
609 1984 643 2044 ἰώ
666 1987 761 2054 πόνος.
782 1991 840 2046 ΙΣ.·
862 1983 896 2042 td
918 1985 1000 2044 κακά.
1037 1989 1170 2043 Alterum
1194 1984 1227 2042 ἰώ
1251 1990 1282 2043 in
1303 1990 1363 2044 Me·

239 2080 320 2134 diceo
345 2080 474 2134 additum
498 2081 720 2151 expungendum
739 2079 853 2134 videtur
874 2096 928 2134 nec
952 2096 1014 2132 cum
1034 2079 1202 2132 Hermanno
1227 2069 1250 2131 u'i
1269 2075 1363 2146 πόνος,

241 2159 419 2225 3133331331
443 2187 508 2224 cum
532 2170 730 2224 Heimsoethio
755 2162 787 2222 ἰώ
807 2164 840 2222 ἰώ
860 2169 950 2224 πόνοι.
971 2162 1004 2222 ἰώ
1023 2162 1056 2222 ld
1075 2166 1149 2222 κακά
1172 2169 1363 2239 scribendum,

240 2275 306 2315 narn
330 2275 393 2312 curn
414 2259 526 2329 epodici
549 2259 665 2329 ingenio
684 2275 717 2312 ac
736 2265 841 2312 natura
859 2259 950 2328 magis
968 2257 1083 2312 dimetri
1101 2257 1225 2326 iambici,
1246 2259 1294 2329 qui
1313 2276 1363 2329 per

238 2365 424 2418 personarum
437 2348 624 2401 mutationem
643 2349 672 2400 in
693 2347 763 2401 duas
781 2353 877 2418 partes
895 2347 978 2400 divisi
997 2353 1063 2400 sunt
1077 2363 1110 2400 ac
1123 2347 1255 2402 celeriter
1267 2347 1364 2401 devol-

240 2444 354 2504 vuntur,
374 2439 548 2508 conspirant,
568 2454 653 2508 quam
672 2438 745 2491 aliae
765 2453 896 2491 versuum
916 2436 1031 2489 formae.
1067 2435 1196 2490 Variatio
1215 2435 1364 2505 rhythmo·

239 2546 302 2582 rum
320 2529 450 2598 proximo
469 2527 563 2582 denuo
577 2529 662 2582 versu
679 2528 790 2596 incipit,
809 2526 859 2580 ubi
878 2525 993 2579 iambici
1012 2527 1075 2596 pari
1094 2525 1193 2580 ordine
1217 2533 1364 2580 currentes

239 2616 334 2671 subito
353 2634 404 2685 per
423 2616 553 2685 dactylos
575 2617 766 2686 excipiuntur,
786 2615 877 2670 donec
896 2615 949 2669 sub
968 2614 1054 2669 finem
1073 2616 1197 2668 trimetri
1216 2620 1245 2668 et
1264 2621 1364 2685 penta-

240 2705 343 2776 podiae
356 2706 549 2775 principatum
562 2710 672 2773 tenent,
691 2706 740 2774 qui
753 2721 804 2775 per
817 2721 962 2773 syncopen
979 2703 1098 2757 diversis
1117 2703 1238 2773 pedibus
1258 2705 1364 2758 factam

239 2795 295 2865 ipsi
314 2812 427 2865 qnoque
446 2794 635 2848 variationem
654 2793 797 2863 quandam
817 2793 948 2846 afferunt.

240 2954 350 3020 fecerit,
369 2958 430 3006 turn
450 2958 546 3007 autem
566 2952 641 3022 (inde
661 2954 726 3007 aV.
747 2952 799 3006 643
817 2969 907 3022 usque
927 2951 963 3004 ad
983 2952 1045 3020 972)
1065 2951 1212 3021 stropham
1231 2953 1364 3006 antistro-

240 3033 328 3103 pham
347 3034 427 3102 sequi
446 3032 580 3098 voluerit,
604 3031 694 3087 donec
714 3034 818 3087 iterum
837 3049 934 3085 versus
952 3030 1008 3085 sibi
1025 3033 1131 3102 partim
1150 3032 1363 3102 responderent,

240 3114 345 3184 partim
364 3112 440 3180 (inde
454 3129 471 3166 3
483 3113 519 3166 V.
540 3114 602 3179 982)
622 3114 682 3167 sine
702 3113 894 3183 responsionis
907 3113 1034 3182 vestigiis
1053 3119 1207 3167 currerent.
1229 3145 1261 3152 —
1283 3114 1308 3182 1)
1328 3113 1363 3168 ci.

243 3193 405 3261 Christium,
424 3193 509 3247 Metr.
529 3211 593 3264 pag.
613 3193 673 3248 351.
699 3227 734 3234 -
759 3195 785 3262 2)
804 3192 881 3263 quod
900 3192 936 3246 ad
955 3209 1117 3246 mensuram
1135 3210 1232 3246 versus
1251 3193 1364 3260 attinet,

241 3275 322 3343 quasi
341 3274 435 3327 iocosa
454 3279 483 3328 et
502 3273 625 3327 31613313
644 3273 775 3327 doctrina
794 3273 912 3326 metrica
925 3272 1046 3337 videtur,
1067 3289 1139 3342 quae
1159 3272 1194 3326 de
1213 3272 1268 3326 hoc
1281 3289 1364 3326 versu

240 3354 270 3406 in
293 3353 439 3408 anecdotis
464 3353 605 3408 Ohisianis
628 3354 741 3423 prolata
766 3359 821 3407 est:
845 3347 895 3406 ἴτω
914 3349 989 3420 γόος·
1014 3346 1063 3404 ἴτω
1088 3349 1201 3422 δάκρυα·
1220 3352 1366 3422 τρίμετρος

242 3427 438 3501 ἄκατάληκτος·
462 3441 603 3504 μετρεῖται
626 3427 680 3503 γὰρ
700 3423 799 3496 οὕτως·
823 3427 872 3485 ἴτω
892 3429 1001 3502 ἰάμβος,
1019 3427 1088 3501 γόος
1106 3429 1117 3484 ἰ
1134 3433 1230 3501 (eoo)
1248 3440 1364 3502 χορεῖος.

241 3530 281 3565 τω
295 3513 390 3582 δακρυ·
410 3507 554 3576 δάκτυλος.
575 3505 635 3564 εἶτα
654 3505 670 3578 ἡ
689 3507 807 3579 περιττὴ·
817 3509 944 3584 συλλαβή.
981 3512 1059 3566 Bene
1079 3512 1146 3565 hinc
1166 3511 1308 3577 discimus,
1328 3510 1364 3564 ad

135 3635 137 3641 .
243 3609 313 3663 quas
334 3593 458 3662 ineptias
476 3593 728 3662 grammaticorum
747 3597 901 3662 praecepta
918 3592 1064 3646 interdum
1082 3591 1310 3662 progrediantur.
1331 3621 1363 3630 -

240 3673 267 3742 3)
287 3672 324 3725 cf.
345 3671 381 3724 36
393 3672 491 3742 Eurip.
506 3672 614 3726 Phoen.
634 3689 698 3742 pag.
719 3674 765 3727 29:
788 3689 837 3737 ,ac
856 3689 932 3740 sane,
952 3673 975 3724 si
994 3671 1057 3725 fieri
1076 3677 1180 3740 potest,
1199 3672 1364 3738 curandum,

241 3758 273 3805 ut
300 3753 330 3805 in
358 3751 571 3821 antistrophicis
599 3751 686 3822 pedes
714 3751 769 3806 sibi
798 3759 898 3806 exacte
926 3751 1144 3820 respondeant.“
1174 3785 1210 3791 —
1236 3753 1263 3821 4)
1287 3757 1364 3805 recte

240 3831 373 3886 Weilius:
399 3832 521 3901 ,frustra
540 3832 708 3886 Lachmann
729 3833 835 3904 aliique
855 3832 961 3899 συθείς,
982 3832 1067 3885 etiam
1088 3849 1171 3885 versu
1190 3833 1284 3901 priore
1302 3838 1364 3885 ten·

239 3917 301 3966 tato
321 3911 357 3964 ad
376 3912 491 3982 longam
515 3913 666 3966 anacrusin
690 3912 916 3966 removendam.“
941 3946 976 3952 -
1001 3914 1028 3980 5)
1048 3911 1083 3965 63
1103 3912 1157 3965 hac
1182 3912 1364 3982 responsione

240 3991 319 4045 haud
343 3997 444 4045 exacta
467 3993 624 4047 rectissime
648 3992 789 4047 Christius
813 3993 950 4046 iudicavit
973 3992 1003 4045 in
1022 3992 1107 4047 Metr.
1126 4009 1191 4062 pag.
1212 3992 1277 4045 641:
1305 4008 1365 4056 ,am

240 4070 403 4140 hiiufigsten
420 4070 517 4125 finden
534 4072 595 4125 sich
616 4072 685 4142 jene
704 4071 940 4142 Abweichungen
957 4073 987 4124 in
1006 4070 1205 4124 trooh'aischen
1225 4087 1252 4124 u.
1272 4070 1365 4124 mehr

240 4149 327 4203 noch
346 4151 381 4203 in
399 4149 620 4206 iambischen
639 4151 811 4221 Strophen“,
830 4167 895 4222 pag.
910 4151 974 4204 380:
995 4150 1069 4218 „fast
1088 4150 1117 4204 in
1132 4150 1208 4203 allen
1221 4149 1365 4220 Strophen

240 4230 368 4286 vermisst
387 4247 452 4284 man
472 4231 535 4285 eine
555 4237 669 4302 strange
690 4232 868 4302 Responsion
887 4248 943 4284 von
962 4230 1085 4299 Strophe
1104 4228 1164 4282 und
1178 4230 1364 4301 Antistrophe

239 4310 269 4363 in
286 4309 383 4378 Bezug
402 4310 455 4362 auf
471 4309 516 4365 die
535 4311 701 4380 Aufldsung
724 4310 774 4364 der
793 4311 939 4380 Langen.“
963 4340 998 4347 -
1022 4311 1048 4377 6)
1067 4308 1211 4363 Wiederh.
1234 4326 1300 4380 pag.
1319 4311 1363 4364 66.
