3176 5060
714 288 935 346 ..30-

266 453 370 526 ,,Ζεός“
393 457 496 511 ultima
518 457 604 511 finem
628 456 763 527 strophae
787 464 922 529 occupat,
946 457 997 512 ubi
1019 459 1213 530 appositiones
1236 477 1334 515 omnes
1357 468 1386 516 et

263 547 393 616 epitheta
411 562 469 599 uno
488 544 575 602 verbo
594 545 884 616 comprehenduntur.
921 547 999 602 Bene
1018 547 1132 616 syllaba
1149 565 1201 618 per
1219 547 1304 615 τονήν
1322 567 1387 620 pro·

264 634 351 690 ducta
370 625 472 708 οὔριος,
491 634 623 690 voculam
642 631 711 698 Ζεύς
729 643 890 706 praeparat.

354 724 460 796 Suppl.
479 726 547 780 6642

425 809 562 882 φυλάσσοι
580 805 604 865 τ’
623 805 759 882 ἀτρεμαῖα
777 807 860 878 τιμάς
1041 839 1059 865 υ
1072 847 1106 865 μ
1120 845 1154 866 ι..
1167 841 1243 868 -υ-
1256 841 1274 867 ο
1286 849 1344 868 ι..
1373 818 1385 870 1

424 895 459 978 τό
477 898 584 969 δήμιον,
605 895 638 955 τό
657 897 757 955 πτόλιν
774 897 914 972 κρατύνει.

425 992 567 1062 προμαθὶς
586 983 784 1058 εὐκοινόμητις
797 983 876 1060 ἀρχά.
1040 1015 1058 1043 υ
1070 1035 1087 1044 -
1100 1017 1118 1044 o
1130 1025 1164 1044 ι.
1178 1037 1195 1044 -
1207 1017 1226 1044 υ
1238 1037 1256 1045 -
1267 1018 1286 1045 υ
1298 1028 1332 1045 μ
1347 1039 1364 1046 -

424 1080 528 1146 ξένοισί
545 1076 569 1134 τ’
589 1074 785 1150 εὐξυμβόλους,
1041 1105 1059 1133 o
1071 1125 1088 1133 -
1102 1105 1120 1133 o
1133 1114 1167 1134 ι-
1181 1127 1199 1134 -
1210 1108 1228 1134 υ
1239 1127 1258 1134 -

425 1173 490 1242 πρίν
508 1166 660 1237 ἐξοπλίζειν
675 1160 746 1239 Ἄρη,
1041 1195 1059 1222 o
1071 1215 1089 1222 -
1100 1196 1118 1223 o
1130 1204 1166 1223 ..-
1179 1215 1196 1223 -
1207 1197 1226 1224 ω
1238 1215 1255 1224 -
1372 1177 1389 1228 5

425 1259 503 1323 δίκας
520 1249 586 1329 άτερ
605 1253 741 1325 πημάτων
759 1257 869 1314 διδοῖεν.
1040 1283 1059 1310 o
1070 1303 1087 1312 .
1100 1283 1118 1310 υ
1130 1289 1164 1310 ι.
1178 1303 1195 1312 -
1207 1285 1226 1311 o
1238 1304 1255 1313 -
1267 1286 1286 1312 υ
1298 1293 1332 1312 ι-
1346 1279 1364 1312 ω

355 1349 411 1403 Hic
430 1365 543 1420 quoque
562 1347 632 1402 ordo
652 1363 783 1400 versuum
802 1345 924 1416 simplex
943 1353 999 1400 est:

446 1454 481 1642 ἶ)
536 1507 584 1578 qui
603 1506 677 1560 bene
696 1522 726 1560 se
746 1505 914 1560 adseveras
937 1513 967 1561 et
989 1507 1052 1577 pias
1075 1509 1233 1563 sententias
1251 1509 1390 1580 applicat,

447 1612 466 1667 b
536 1611 609 1666 quae
628 1594 821 1666 proferuntur.
859 1594 916 1650 Sed
935 1601 1045 1664 tamen,
1070 1583 1102 1650 ut
1121 1603 1223 1667 poetae
1247 1598 1389 1668 ingeniosi

451 1701 467 1739 c
536 1689 592 1752 est,
621 1699 713 1755 neque
738 1684 768 1737 in
791 1684 976 1754 simplicitate
1000 1685 1175 1755 Aeschylum
1200 1688 1390 1742 variationem

451 1713 481 1828 c)
538 1773 684 1844 quandam
703 1773 843 1842 respuisse
863 1773 917 1826 hoc
938 1774 1100 1844 exemplum
1120 1773 1214 1830 docet.

447 1863 466 1916 h

496 1970 522 2038 c)
543 1968 688 2023 clauditur
706 1968 825 2038 stropha
844 1968 966 2022 dimetro
985 1975 1151 2038 syncopato.

356 2077 439 2147 Sept.
458 2077 525 2132 888:

427 2163 642 2236 σιδαρόπλακτοι
660 2164 713 2233 μὲν
732 2154 779 2219 ὧδ’
799 2157 911 2233 ἔχουσιν
1031 2191 1277 2219 moa-,ow
1335 2187 1353 2210 υ

427 2250 642 2324 σιδαρόπλακτοι
663 2253 693 2308 δέ
711 2248 778 2318 τοὺς
796 2251 927 2321 μένουσιν
1030 2280 1048 2306 υ
1089 2281 1108 2307 o
1197 2281 1216 2307 υ

427 2339 488 2413 τάχ’
509 2335 544 2398 άν
561 2362 603 2408 τις
621 2337 702 2400 elisor
722 2343 810 2408 τίνες,

427 2429 525 2501 τάφων
543 2431 684 2506 πατρῴων
702 2433 789 2502 λαχαί.

356 2523 504 2577 Habemus
522 2525 625 2577 iterum
640 2539 737 2577 versus
755 2523 826 2577 duos
845 2523 907 2593 pari
927 2523 1010 2576 initio
1023 2524 1142 2594 parique
1162 2525 1251 2592 exitu,
1270 2524 1299 2579 id
1313 2524 1391 2594 quod

267 2612 427 2680 Aeschylus
450 2612 519 2666 alibi
543 2629 601 2666 nou
624 2611 760 2682 neglexit.
799 2610 910 2680 Operae
933 2611 1058 2680 pretium
1080 2610 1206 2684 videtur,
1231 2611 1285 2665 hac
1309 2628 1391 2666 occa-

266 2701 345 2754 sione
359 2699 586 2755 0bservati0nem
605 2700 753 2770 parvulam
771 2698 806 2754 de
826 2700 880 2754 hoc
893 2700 974 2754 exitu
992 2700 1158 2755 instituisse.
1189 2699 1308 2755 Fabulis
1326 2718 1391 2770 pcr-

266 2789 349 2843 lectis
368 2789 439 2843 haec
458 2789 590 2858 exempla
609 2789 718 2852 inveni:
743 2789 866 2842 maxime
891 2805 958 2842 usus
977 2789 1100 2842 occurrit
1119 2789 1148 2841 in
1170 2789 1302 2844 larmir-ia
1320 2789 1390 2843 ianr·

268 2878 332 2932 blein
350 2878 547 2932 diverbiorum:
565 2878 658 2931 Prom.
679 2878 743 2933 864:
768 2872 1080 2946 ἀπαμβλυνθήσεται,
1098 2873 1305 2946 βουλήσεται,
1324 2879 1391 2932 971;

267 2961 340 3034 ἐγώ,
360 2965 454 3035 λέγω,
468 2968 568 3037 Agam.
584 2968 630 3020 31:
649 2961 857 3037 χορεύσομαι,
876 2962 1029 3032 θήσομαι,
1044 2967 1109 3020 489:
1130 2962 1288 3037 ἀνάρσιος,
1305 2963 1392 3020 παιω-

268 3073 352 3119 νιος,
363 3056 427 3108 774:
441 3051 623 3125 ἐγχωρίους,
633 3055 817 3122 μεταιτίους,
830 3055 906 3108 1021:
920 3048 1177 3122 ἀτιμασθήσομαι,
1190 3053 1391 3122 θυμώσομαι,

269 3145 350 3198 1223:
366 3140 437 3211 ἐμέ,
457 3143 492 3198 δέ
510 3162 557 3212 με.
588 3144 716 3214 Choeph.
731 3147 759 3198 6:
779 3139 979 3214 θρεπτήριον,
998 3140 1219 3214 πενθητήριον,
1240 3145 1305 3199 893:
1324 3162 1393 3211 pav-

267 3230 422 3299 τεόματα,
450 3228 660 3303 εὐορκώματα.
702 3234 821 3288 Eumen.
849 3233 914 3286 482:
945 3227 1124 3303 ὁρκώματα,
1150 3232 1295 3303 βέλτατα,
1325 3233 1391 3287 568:

267 3318 421 3389 ἐφέστιος,
434 3321 613 3393 καθάρσιος,
627 3323 726 3393 Suppl.
740 3322 806 3376 485:
826 3318 936 3394 χρεών,
956 3324 1054 3386 θεῶν,
1068 3323 1133 3396 9l3:
1153 3317 1391 3392 ἐγγεγραμμένα,

267 3411 548 3482 κατεσφραγισμένα.

358 3500 439 3563 Tum,
459 3500 534 3569 quod
554 3501 677 3554 maxime
697 3501 733 3553 ad
747 3484 873 3554 nostram
892 3495 1039 3570 stropham
1058 3500 1178 3564 accedit,
1198 3517 1265 3554 usus
1283 3500 1392 3554 iuveni-

268 3573 315 3641 tur
342 3589 372 3641 in
400 3589 524 3643 iambicis
551 3590 732 3643 canticoram:
764 3588 892 3658 Choeph.
916 3589 982 3641 411:
1011 3588 1147 3653 Κισσίας,
1180 3585 1391 3659 ἰηλεμιστρίας,

270 3676 348 3745 Sept.
362 3677 427 3730 853:
448 3674 632 3747 δύσφρονες,
651 3671 835 3743 ἀτρύμονες,
854 3677 919 3730 θίλε
940 3675 1055 3739 στένει,
1074 3684 1182 3743 μενεῖ,
1200 3683 1349 3747 praeterea
1361 3677 1392 3730 in

268 3766 381 3828 ionicis:
400 3765 478 3820 Pers.
493 3767 556 3818 691:
577 3767 775 3836 perspicacibus,
795 3761 874 3818 ἀντία
892 3761 1034 3833 φάσθαι,
1054 3766 1082 3818 in
1104 3766 1279 3834 lopaoedicia:
1297 3766 1392 3819 Prom.

269 3854 334 3908 889:
354 3853 642 3925 διαθρυπτομένων,
662 3852 930 3923 μεγαλυνομένων.

630 3997 660 4049 B.
685 3997 791 4050 iambi
810 4002 844 4051 et
862 3996 1031 4050 trochaei.

336 4097 362 4162 a)
381 4093 477 4161 iambi,
496 4095 657 4162 trochaeus,
676 4094 772 4159 iambi,
791 4095 952 4157 trochaeus,
972 4094 1021 4164 qui
1040 4093 1188 4162 stropham
1208 4092 1326 4147 claudit.

359 4201 442 4271 Sept.
462 4201 514 4254 883
535 4201 755 4271 (antistropham
775 4201 925 4270 adscripsi,
945 4199 1021 4270 quod
1040 4199 1158 4269 stropha
1178 4201 1239 4269 ipsa
1258 4206 1394 4270 corrupta

270 4289 331 4357 est).
