3176 5060
686 269 906 327 -85-

233 436 401 506 Rhythmus
428 438 577 508 geschiclrt
603 437 694 493 durch
721 439 858 510 gesillige
886 427 1059 510 siberginge
1091 457 1126 493 zu
1156 439 1220 494 dem
1248 438 1356 494 andern

233 525 511 580 hiniiberzuleiten.“

329 615 460 684 Ohocph.
479 617 547 672 4432

295 703 354 759 OP:
373 702 404 757 σέ
422 722 465 758 τοι
483 701 564 774 λέγω,
583 707 727 774 ξυγγενοῦ,
745 703 842 776 πάτερ,
860 705 958 773 φίλοις,
986 733 1033 760 υ..
1046 732 1200 761 orno-
1213 707 1353 760 υ-υ-1

293 794 361 850 HA:
379 786 434 863 έγώ
454 787 478 847 δ’
497 790 704 865 ἐπιφθέγγομαι
723 793 904 863 κεκλαυμένα.
988 822 1033 849 o.
1046 822 1141 851 os.-
1154 822 1319 850 υ-υ-υ-

291 882 359 937 XO:
378 878 470 946 στάσις
488 881 519 937 δέ
537 879 688 953 πάγκοινος
706 873 748 938 dd
768 879 921 957 ἐπιρροθεῖ,
987 911 1259 941 mommo-
1273 911 1320 938 o-

291 961 411 1027 άκουσον
428 968 458 1036 ές
475 971 548 1042 φάος
565 969 660 1041 μολών
987 1000 1007 1027 υ
1018 1021 1035 1029 -
1047 1000 1065 1027 υ
1078 1002 1214 1029 .....

292 1055 341 1126 ξὺν
358 1060 389 1115 δέ
406 1066 491 1132 γενοῦ
509 1061 581 1136 πρὸς
598 1059 725 1134 ἐχθρούς.
987 1090 1154 1122 -υυ.,υ-
1167 1082 1185 1118 ῡ
1339 1069 1355 1120 5

326 1151 540 1222 Pherecratem,
559 1154 609 1224 qui
627 1159 692 1224 post
710 1159 768 1209 tres
780 1154 924 1208 trimetros
937 1155 1034 1223 (tertio
1046 1155 1119 1225 pede
1132 1157 1312 1226 syncopatos)
1327 1161 1356 1210 et

233 1239 389 1295 dimetrum
407 1241 560 1297 iambicum
579 1243 719 1314 sequitur,
744 1241 853 1297 claudit
873 1242 987 1314 quidem
1011 1244 1158 1315 stropham
1177 1262 1269 1314 neque
1289 1261 1355 1299 varo

234 1329 347 1384 animus
365 1338 485 1401 pacatur
503 1349 587 1388 versu
605 1332 762 1402 recitando,
780 1333 865 1387 immo
884 1351 991 1404 preces,
1014 1350 1084 1405 quas
1103 1333 1206 1388 chorus
1224 1333 1261 1387 ad
1280 1335 1355 1404 Aga·

234 1437 387 1476 memnona
405 1422 503 1488 mittit,
523 1422 749 1477 vehementiores
769 1429 798 1477 et
817 1422 993 1478 ardentiores
1012 1423 1097 1478 fiunt:
1124 1422 1253 1492 „audias,
1275 1423 1355 1478 obse·

234 1526 355 1580 cramus,
374 1516 404 1564 et
422 1510 459 1565 ad
477 1512 571 1566 lucem
590 1512 696 1580 venias,
715 1545 748 1551 —
773 1511 916 1610 adiqves
939 1530 999 1567 nos
1023 1518 1145 1567 contra
1163 1512 1354 1566 inimicosi“

234 1615 345 1672 Eodem
368 1617 452 1673 modo
475 1619 506 1673 in
529 1619 721 1690 antistropha:
750 1613 914 1688 εὐχομένοις
937 1614 961 1674 δ’
981 1587 1014 1673 dv
1038 1613 1129 1685 ἔλθοι,
1154 1619 1356 1690 pherecrateus

234 1722 304 1776 prae
322 1706 459 1774 iambicis,
479 1709 529 1778 qui
547 1709 719 1778 anteierunt,
737 1709 863 1764 vivacior
881 1709 1004 1778 videtur,
1023 1715 1052 1763 et
1071 1710 1222 1778 rhythmus
1241 1725 1274 1762 ao
1293 1726 1355 1762 sen-

234 1796 328 1850 tentia
345 1795 393 1851 hic
411 1814 525 1868 quoque
545 1799 651 1868 optime
671 1799 824 1854 coniuncta
842 1805 918 1854 sunt.
937 1801 1000 1868 -¹)

323 1885 406 1955 Sept.
426 1888 493 1943 7492

447 1974 548 2030 τέλειαι
567 1971 620 2050 γάρ
639 1974 823 2046 παλαιφάτων
841 1972 912 2048 άρᾶν
998 2001 1016 2028 υ
1028 2009 1062 2028 ι-
1076 2007 1110 2028 ι.
1123 2020 1141 2029 -
1152 2001 1171 2028 υ
1182 2001 1319 2028 .....
1340 1978 1352 2028 1

447 2069 555 2138 βαρεῖαι
573 2069 749 2138 καταλλαγαί·
1000 2091 1018 2119 υ
1030 2099 1064 2119 n.
1077 2113 1096 2120 -
1107 2092 1125 2119 o
1137 2110 1155 2118 -
1166 2091 1185 2118 υ
1197 2111 1214 2120 .

448 2149 482 2208 td
501 2150 595 2210 (mod
613 2154 785 2224 πενομένους
803 2154 970 2227 παρέρχέῒαι
1000 2181 1019 2208 υ
1030 2167 1049 2206 ό
1059 2181 1078 2208 υ
1090 2181 1108 2207 υ
1120 2167 1138 2207 ό
1149 2181 1168 2207 υ
1179 2181 1197 2207 υ
1210 2198 1226 2206 -
1238 2181 1256 2207 υ
1268 2201 1285 2209 -
1297 2181 1316 2207 υ
1328 2201 1345 2208 -

448 2240 616 2316 πρόπρυμνα
635 2239 660 2298 δ’
678 2239 798 2314 ἐκβολὰν
817 2243 894 2316 φέρει
1000 2269 1018 2296 υ
1031 2289 1048 2296 -
1060 2269 1078 2296 υ
1090 2289 1107 2297 -
1120 2269 1138 2296 υ
1150 2290 1166 2297 -
1179 2269 1197 2295 υ
1209 2290 1227 2297 -

449 2327 557 2405 άνόρῶν
575 2328 718 2402 άλφηστᾶν
998 2350 1016 2385 ῡ
1028 2379 1045 2386 -
1057 2358 1076 2384 υ
1088 2366 1122 2385 ι-
1135 2377 1153 2386 -
1338 2337 1353 2387 5

447 2415 531 2493 όλβος
549 2412 621 2491 άγαν
639 2423 790 2491 παχυνθείς
1001 2466 1017 2474 -
1029 2447 1107 2474 oo-
1119 2447 1138 2474 υ
1150 2468 1166 2475 -
1179 2438 1197 2474 ῡ

323 2510 407 2578 Quod
431 2511 468 2565 ad
495 2513 595 2583 Agam.
620 2512 671 2565 225
695 2529 755 2583 sqq.
779 2527 844 2582 pag.
869 2513 904 2566 84
927 2511 1139 2579 annotavimus,
1162 2510 1216 2565 hac
1240 2527 1353 2581 quoque

228 2602 352 2672 stropha
374 2601 464 2656 valet:
489 2602 641 2656 transitum
665 2601 742 2671 dico,
771 2601 820 2671 qui
844 2600 943 2656 eadem
968 2601 1092 2670 ratione,
1121 2608 1208 2670 atque
1235 2599 1290 2669 ibi,
1318 2618 1353 2654 ex

228 2690 356 2746 iambico
379 2708 497 2746 nurnero
515 2692 545 2745 in
567 2691 784 2762 pherecrateum
803 2691 898 2745 factus
921 2697 976 2746 est:
1001 2690 1129 2760 syllabae
1153 2691 1271 2745 ultimae
1291 2709 1353 2761 pro-

228 2781 337 2835 ductae
356 2780 386 2833 in
404 2780 530 2850 tripodis
548 2780 671 2836 iambica
690 2780 857 2850 rhythmum
876 2779 1055 2851 pherecratei
1074 2773 1259 2850 praeparant:

550 2887 692 3002 άάφῖστάν
707 2934 711 3004 Ι
730 2887 813 3005 diade
830 2887 902 3003 άγαν
920 2885 1072 3002 πάχυνθέίς

306 3075 370 3129 coll.
390 3077 443 3145 Ag.
464 3077 529 3131 232:
549 3031 761 3144 εὖπότμονπαι
777 3078 780 3146 Ι
799 3030 866 3129 -άνά
882 3030 969 3142 φίλοις
986 3029 1067 3142 έτίμά

324 3165 430 3235 Suppl.
450 3167 517 3222 742:

341 3248 375 3307 ίώ
393 3258 430 3323 γᾶ
448 3257 563 3325 βουνῖτι,
583 3247 692 3309 ἔνδικον
711 3251 802 3325 σέβας,
976 3269 1251 3306 υι..-ῡ-υ-υ-
1264 3269 1313 3304 o!
1339 3253 1352 3305 l

341 3344 369 3397 τί
386 3343 577 3412 πεισόμεσθα,·
595 3350 648 3398 ποῖ
663 3341 797 3414 φύγωμεν
815 3338 906 3407 Ἀπίας
977 3367 1137 3396 υ-υ-υ.
1155 3367 1235 3396 υ-υ
1275 3367 1323 3394 υ-

339 3430 453 3503 χθονός,
471 3429 600 3488 κελαινὸν
612 3427 641 3488 εί
655 3451 680 3487 τι
698 3429 804 3497 κεῦθός
816 3427 876 3486 ἐστί
887 3450 958 3496 που,·
976 3457 1323 3486 υ-υ.υ-υ-υ-υ-

250 3541 254 3546 ·
340 3521 426 3590 μέλας
443 3523 576 3592 γενοίμαν
594 3519 702 3586 καπνός

341 3611 453 3680 νέφεσσι
473 3616 606 3681 γειτονῶν
624 3606 697 3675 Διός,

341 3695 373 3755 τὸ
392 3705 447 3755 πᾶν
466 3695 491 3755 d'
510 3695 634 3769 άφαντος
652 3694 776 3768 άμπετὴς
794 3691 888 3764 άϊστος
908 3691 945 3764 ἶός
975 3725 1321 3754 υ-υ-υ-υ-υ-υ-

341 3787 417 3855 κόνις
435 3783 538 3863 ἄτερθε
555 3785 683 3862 περόγων
704 3786 829 3860 όροίμαν.
978 3815 1085 3844 υ-υ-
1102 3791 1105 3859 Ι
1123 3836 1139 3843 -
1153 3789 1354 3841 ιιυ-ο-ῡ7

324 3879 407 3946 Quod
427 3881 463 3935 de
482 3880 660 3952 pherecratei
679 3879 795 3949 ingenio
814 3878 898 3933 modo
919 3879 964 3948 (ad
978 3878 1104 3949 Choeph.
1125 3879 1177 3932 443
1191 3878 1261 3948 sqq.)
1281 3895 1355 3930 eom·

233 3970 464 4039 memoravimus,
488 3971 518 4024 in
538 3969 636 4040 primis
654 3967 701 4021 hic
721 3967 806 4020 valet.
843 3967 918 4020 Nam
942 3967 989 4022 hic
1009 3973 1107 4038 aperte
1126 3967 1272 4021 notionem
1291 3983 1356 4021 evo-

234 4058 314 4114 landi
333 4059 480 4130 exprimit,
504 4058 581 4131 quod
600 4075 651 4128 per
672 4055 820 4125 dactylum
839 4055 872 4109 fit
890 4056 920 4110 in
940 4057 1040 4123 verbo,
1066 4055 1141 4126 quod
1160 4057 1253 4126 ipsum
1279 4056 1355 4124 „sine

326 4203 501 4273 DCeterum
521 4201 556 4256 de
576 4197 734 4272 έπιρροθεζί
748 4187 871 4268 άκονσον
889 4199 924 4253 cf.
944 4198 1107 4264 Christium‚
1127 4198 1270 4267 „rhythm
1283 4197 1357 4252 Con·

236 4293 331 4347 ιιιιιπ.
345 4293 371 4346 ιι.
385 4291 491 4362 green.
503 4291 635 4360 cnorges.
647 4317 682 4335 =
691 4271 837 4344 amianas
852 4288 878 4342 a.
892 4289 971 4357 σιμ.
986 4287 1078 4341 Arar.
1092 4287 1173 4352 xiv,
1188 4286 1241 4353 111,
1255 4289 1356 4360 pgrr.
