3176 5060
730 279 952 336 -32-

279 449 474 503 Hermannus:
497 442 530 502 ἶώ
550 445 594 508 ἰώ.
614 445 742 518 δοκρυτέ,
761 446 832 517 σύ11.
851 469 888 499 ω
906 449 973 504 9693
997 441 1058 502 odd'
1076 443 1149 504 ἵκεθ’
1170 441 1209 511 οἷς
1226 419 1402 502 κατέκτανεν,

278 539 437 604 Reiterus¹J
456 539 547 608 primo
567 533 600 590 ἰώ
621 553 686 590 cum
704 536 886 592 Blomfieldio
905 543 1051 608 expuncto
1070 536 1178 591 tradita
1196 543 1285 602 tenet,
1310 543 1342 592 ut
1361 537 1403 591 di·

278 633 367 682 meter
386 632 560 696 syncopatus
578 643 636 680 non
655 633 812 696 syncopato
831 627 1016 698 respondeat:
1035 653 1053 678 υ
1066 661 1100 680 a.
1114 673 1130 680 -
1143 653 1161 678 o
1173 672 1190 684 ,
1202 653 1221 679 o
1233 645 1251 678 n

980 737 1016 766 rx>
1034 731 1052 766 ῡ
1064 761 1081 768 -
1093 741 1112 768 υ
1123 759 1140 768 -
1153 741 1172 768 υ
1183 760 1200 768 -
1213 741 1231 768 υ
1244 735 1262 767 1.]

278 804 334 858 Sed
353 821 389 858 ne
408 804 455 857 hic
475 803 590 873 quidem
609 803 783 858 mutationes
796 804 956 858 Hermanni
975 804 1020 858 vel
1040 804 1192 858 Ritschelii
1212 809 1309 858 tantas
1326 804 1402 858 diffi-

278 892 400 948 cultates
419 892 567 963 praebent,
586 899 618 946 ut
637 891 798 946 reiciendas
817 894 883 947 sint.

367 982 450 1051 Sept.
469 983 532 1037 976.
570 982 676 1051 sappi.
696 983 763 1037 54⁶2:
787 977 931 1052 ἐπέρχεται
956 983 1042 1050 Τυφῶ
1059 979 1151 1048 μένος.
1189 981 1323 1052 Plerique
1343 981 1403 1036 edi-

277 1075 372 1125 torum
385 1068 526 1142 ἐπέρχεται
546 1070 582 1126 ad
595 1087 707 1124 versum
726 1070 944 1125 antecedentem
963 1071 1174 1124 transtulerunt
1189 1076 1219 1126 et
1233 1070 1321 1124 verba
1334 1070 1402 1125 inde

263 1178 294 1215 ,ο
317 1162 403 1227 Τυφῶ
423 1192 455 1200 -
479 1177 568 1230 usque
592 1159 628 1214 ad
649 1155 741 1223 νόσοις
762 1149 880 1214 ἄθικτον
899 1160 1153 1228 continuaverunt,
1178 1165 1211 1214 ut
1235 1166 1402 1214 tetrameter

277 1249 415 1303 iambicus
434 1249 523 1315 fieret,
542 1255 575 1303 ut
594 1249 845 1317 Heimsoethius'),
864 1249 922 1318 qui,
942 1265 977 1302 ne
997 1247 1188 1318 descriptione
1208 1265 1259 1302 sua
1278 1261 1402 1302 metrum

277 1337 413 1406 laederet,
432 1344 547 1392 coactus
566 1346 635 1403 erat,
658 1343 722 1408 post
740 1335 825 1404 μένος
843 1337 966 1391 inserere
988 1329 1023 1400 θ’,
1048 1336 1152 1391 deinde
1173 1337 1327 1406 Weiliusl),
1352 1337 1401 1407 qui

277 1429 437 1498 proposuit:
461 1428 543 1494 Τυφῶ
561 1425 654 1492 μένος,
672 1423 757 1495 γάνος
769 1420 801 1480 τὸ
815 1427 917 1480 Νείλου
929 1429 1005 1490 κτλ.,·
1024 1425 1150 1480 editione
1166 1425 1246 1481 1891:
1270 1427 1298 1480 T.
1316 1425 1402 1493 μένος

277 1513 303 1584 γ’
318 1507 393 1586 ’ὕδωρ
406 1535 427 1569 τ.
443 1517 475 1568 Ν,
490 1556 496 1568 .
511 1558 527 1579 .,
545 1522 689 1586 postremo
703 1514 910 1583 Kirchhosfius,
930 1515 979 1585 qui
992 1532 1104 1569 versum
1124 1514 1262 1568 traditum
1282 1515 1401 1569 retinuit

277 1607 423 1658 metricam
442 1605 515 1658 nihil
535 1621 648 1658 curans:
672 1602 756 1671 μένος
779 1592 863 1676 ὕδωρ.
905 1604 973 1672 Alii,
996 1609 1028 1657 ut
1046 1604 1230 1658 Hermannus
1249 1610 1279 1658 ct
1297 1604 1401 1658 Weck-

277 1693 379 1747 leinins
397 1693 542 1762 dipodiam
560 1693 711 1746 iambicam
730 1693 816 1760 Tucci
828 1690 912 1760 μένος
925 1693 927 1762 1
940 1697 1080 1758 statuunt,
1100 1709 1185 1762 quam
1198 1691 1401 1761 Schmidtins‘)

277 1781 420 1848 defendit,
449 1781 524 1852 quod
553 1783 582 1835 in
607 1781 746 1852 Typhone
771 1781 945 1835 nominando
969 1780 1120 1835 admiratio
1145 1787 1302 1834 moveatur.
1342 1779 1400 1836 Sed

277 1871 408 1942 exempla
427 1871 619 1941 dipodiarum,
644 1887 717 1941 quae
736 1870 789 1924 sub
809 1870 823 1924 I
841 1870 865 1923 B
886 1870 1062 1940 collegimus,
1081 1870 1156 1924 han'c
1176 1869 1322 1940 dipodiam
1341 1886 1400 1923 non

276 1959 430 2029 probanti)
471 1961 578 2014 Versus
601 1966 693 2014 rectos
718 1958 907 2013 Oberdickius
930 1959 1063 2012 statuisse
1087 1958 1214 2026 videtur,
1239 1959 1288 2028 qui
1312 1957 1400 2012 verba

275 2045 419 2118 ἐπέρχεται
443 2066 531 2118 usque
555 2047 591 2101 ad
614 2047 699 2114 μένος
722 2046 979 2117 comprehendit⁶);
1009 2046 1127 2101 verbum
1152 2047 1228 2100 enim
1252 2042 1400 2116 ἐπέρχεται

276 2143 337 2191 arte
361 2155 425 2190 cum
453 2139 539 2202 Τυφῶ
561 2136 645 2203 μένος
668 2137 816 2205 cohaeret,
845 2142 878 2190 ut
901 2142 1054 2206 utrumque
1082 2137 1112 2190 in
1141 2135 1264 2190 eundem
1286 2153 1400 2190 versum

276 2225 464 2296 redigendum
477 2227 545 2295 sit.⁷)
558 2248 594 2276 ω
607 2228 659 2280 559
677 2222 875 2296 μιξόμβροτον,
894 2221 945 2279 τὰν
957 2223 1008 2293 μὲν
1020 2222 1096 2295 βοός.
1127 2226 1192 2279 Hac
1211 2226 1241 2279 in
1260 2242 1290 2280 re
1303 2231 1400 2279 autem

276 2315 448 2370 Oberdickio
467 2316 599 2369 assentiri
616 2333 674 2369 non
693 2332 821 2386 possum,
846 2315 935 2385 quod,
960 2332 1024 2369 cnm
1043 2315 1090 2368 hic
1110 2315 1218 2384 primus
1241 2331 1292 2385 pes
1315 2331 1399 2384 spon-

276 2404 344 2459 dens
363 2406 408 2472 sit,
428 2406 514 2459 etiam
533 2405 709 2475 strophicum
723 2423 835 2459 versum
854 2405 909 2459 hoc
928 2404 1054 2474 spondeo
1074 2421 1174 2458 ornare
1194 2403 1313 2469 studuit,
1332 2404 1402 2478 scri-¹

275 2495 357 2550 bens:
378 2493 536 2567 εἰςὲρχεται.

365 2584 469 2652 Suppl.
482 2586 550 2639 5573
570 2573 622 2637 δύο
635 2578 659 2637 δ’
673 2578 826 2655 ἀπημάντῳ
840 2581 942 2636 σθένει.
974 2583 1020 2639 M:
1038 2582 1102 2652 βίο;
1121 2599 1191 2636 corr.
1206 2581 1397 2636 Hermannus.

274 2693 310 2722 ω
329 2673 396 2727 5643
416 2674 549 2739 φυσίζοον
567 2672 648 2742 γένος
666 2671 744 2737 τόδε,
767 2672 817 2725 ubi
836 2672 938 2726 tertius
957 2689 1007 2741 pes
1026 2689 1083 2724 non
1103 2687 1153 2741 per
1172 2670 1330 2741 spondeum
1350 2687 1398 2724 ex-

275 2779 387 2830 pressus
406 2769 457 2829 est,
476 2761 552 2831 quod
572 2762 719 2832 Krusius⁸y
738 2761 811 2815 bene
831 2761 1002 2814 observavit.

523 2913 550 2982 d)
572 2913 685 2968 diensis
699 2913 813 2982 pedibus
830 2912 963 2982 spondeus
982 2911 1155 2966 odariltilar:

365 3021 466 3073 Prom.
486 3021 553 3074 562:
577 3013 693 3072 εἴδωλον
708 3007 805 3090 Ἄργου
823 3023 966 3088 γηγενοῦς,
1003 3016 1152 3083 Quomodo
1177 3015 1212 3070 de
1235 3017 1290 3070 hoc
1314 3033 1399 3070 versu

275 3124 339 3160 cum
362 3108 492 3176 proximo
516 3109 668 3161 coniuncto
692 3107 876 3161 iudicandum
900 3108 950 3175 sit,
978 3107 1014 3160 ad
1034 3124 1059 3160 ν.
1084 3105 1136 3159 563
1161 3107 1235 3175 (pag.
1261 3105 1288 3176 81
1312 3122 1398 3174 expo·

274 3213 388 3248 surmus.

487 3325 513 3391 γ)
532 3321 637 3376 diversi
654 3321 750 3392 pedes,
770 3322 820 3391 qui
839 3338 896 3374 non
916 3322 980 3392 puri
999 3320 1087 3374 iambi
1106 3325 1182 3374 sunt.

363 3430 428 3483 Duo
447 3447 553 3499 genera
572 3428 775 3502 distinguenda
793 3435 872 3483 sunt:

359 3641 426 3711 111.
446 3643 464 3698 l.
484 3660 549 3713 pag.
571 3644 630 3699 150.
649 3659 684 3684 -'
703 3645 730 3714 21
749 3645 894 3700 Wiederh.
914 3662 979 3716 pag.
999 3643 1060 3698 287.
1080 3673 1114 3680 -
1134 3642 1161 3709 31
1181 3638 1248 3694 edit.
1271 3638 1349 3692 1866.
1363 3669 1397 3676 -

272 3725 300 3791 41
319 3722 433 3776 Kunstf.
459 3722 486 3791 I,
510 3740 575 3794 pag.
599 3725 659 3778 291.
690 3757 723 3764 -
753 3726 779 3795 51
799 3727 835 3779 cf.
859 3743 925 3796 pag.
949 3726 991 3778 23.
1021 3755 1054 3764 —
1087 3724 1113 3790 61
1131 3721 1161 3774 in
1185 3717 1298 3788 syllaba
1321 3718 1398 3770 anci·

272 3804 334 3874 piti,
355 3819 428 3873 quae
446 3803 503 3858 fine
523 3821 619 3858 versus
638 3812 779 3860 versatur:
804 3803 888 3872 μένος
905 3807 908 3876 1
924 3795 1009 3874 ὕδωρ,
1032 3803 1105 3857 nihil
1125 3798 1290 3855 offensionis
1309 3797 1396 3862 inest;

273 3884 308 3939 cf.
319 3884 394 3937 Pers.
409 3884 521 3938 9801813
532 3885 662 3949 δαίμονες
677 3887 680 3956 1
698 3878 794 3939 ἔθεσθ’
810 3886 888 3955 Sept.
902 3885 1015 3951 9861873
1028 3879 1134 3952 χθονός
1150 3883 1153 3950 1
1170 3875 1204 3934 ἰώ
1219 3877 1271 3931 Oh.
1283 3878 1396 3947 3931943

271 3963 432 4034 τυραννίδες
448 3965 451 4033 1
468 3958 547 4018 ἴδετε.
579 3964 678 4035 Suppl.
695 3966 805 4032 1231243
826 3964 908 4035 δορός
925 3966 928 4035 1
944 3964 1104 4033 α’χείματον.
1119 3993 1153 4002 -
1174 3965 1200 4031 71
1221 3956 1297 4027 1111011
1310 3958 1400 4011 etiam

272 4043 432 4098 Bernhardi
451 4044 480 4114 11.
501 4045 519 4098 l.
538 4062 603 4115 pag.
624 4047 651 4113 8)
670 4045 824 4113 intellexit,
845 4046 902 4115 qui,
922 4047 975 4100 etsi
994 4062 1108 4100 versum
1126 4046 1284 4100 secundum
1300 4043 1402 4102 weilii'.

273 4125 466 4179 coniecturam
486 4126 565 4196 legit,
584 4131 681 4178 tamen
693 4125 765 4179 haec
779 4125 904 4179 addidit:
926 4143 1115 4196 „quamquam
1135 4127 1165 4179 in
1184 4133 1307 4196 utraque
1326 4133 1398 4189 stro-

272 4205 330 4274 pha
347 4204 418 4258 levis
431 4205 590 4259 sententiae
603 4205 703 4259 incisio
717 4205 826 4273 suadet,
846 4211 879 4259 ut
897 4207 1017 4276 primam
1030 4205 1176 4276 dipodiam
1190 4208 1292 4276 (Τυφῶ
1304 4205 1396 4277 μένος)

273 4299 337 4336 cum
357 4284 545 4339 antecedente
565 4301 647 4338 versu
667 4285 842 4353 iungamus.“
863 4316 898 4324 -
918 4285 943 4354 8)
963 4285 991 4337 in
1012 4285 1137 4339 editione
1157 4304 1221 4357 pag.
1244 4288 1303 4342 136.
1399 4323 1401 4327 -
