3176 5060
714 303 935 358 ,75-

265 491 347 527 usum
366 473 557 542 Aeschyleum
576 474 707 543 pcccat¹t
744 471 922 542 coniungam
944 473 1033 542 igitur
1050 465 1101 526 τὸν
1118 468 1199 540 γάϊον
1218 488 1283 525 cum
1306 477 1385 526 ante·

265 561 446 631 cedentibus,
475 569 507 616 ut
530 561 707 632 Dindorfi02)
731 562 823 615 visum
851 567 908 629 est,
936 577 1021 632 quam
1045 561 1184 614 rationem
1213 560 1274 616 iure
1298 560 1385 615 Bern-

265 651 374 720 hardi³)
392 651 501 720 laudat,
525 650 763 721 antistrophicum
782 667 895 704 versum
913 649 1085 705 adscribens.
1107 683 1140 690 -
1160 647 1240 706 Idem
1259 651 1337 705 cadit
1355 652 1386 705 in

355 741 422 796 149:
442 729 459 793 ἆ
477 736 533 807 Ζήν
551 734 628 804 Ἰοῦς,
647 735 698 803 ἰώ;
716 755 750 790 α.
763 785 780 794 ,
793 763 908 793 υ-ιι-.

356 830 423 886 acce
446 833 502 882 πᾶν
521 817 694 900 ἐαικραίνεις·
714 821 782 896 ἄγος
805 824 955 896 φυλάσσου,
992 829 1141 884 Habemus
1164 829 1285 884 similem
1308 829 1387 899 loga-

266 917 395 972 oedicam
419 918 589 986 clausulam,
613 934 687 989 quae
710 917 793 972 nobis
816 919 872 970 iam
892 918 969 972 Pers.
989 917 1039 973 281
1061 926 1090 972 et
1109 919 1162 974 982
1181 918 1295 973 obviam
1318 917 1388 972 data

266 1013 322 1074 est,
346 1023 431 1077 quam
450 1014 527 1061 recte
546 1013 719 1078 acceperunt
738 1006 971 1075 Rossbachius⁴),
994 1007 1141 1076 Krusius⁵)
1160 1007 1276 1077 aliique.
1313 1008 1387 1060 Tum

266 1097 341 1149 ictus
364 1113 445 1149 suum
469 1095 582 1150 obtinet
605 1095 711 1150 locum:
740 1099 797 1150 πᾶν
819 1092 907 1166 ἐπικρ.
950 1095 1059 1150 Eodem
1083 1095 1167 1151 modo
1191 1113 1235 1150 res
1258 1096 1288 1150 in
1314 1097 1385 1150 anti·

267 1185 385 1255 stropha
408 1202 439 1239 re
462 1185 563 1254 habet,
587 1185 637 1239 ubi
660 1186 688 1239 in
713 1185 800 1239 verbo
824 1182 1082 1254 δυ’σπᾶρᾶ9έλκιοις
1099 1185 1261 1240 observatio
1281 1191 1387 1248 nostra,

268 1290 353 1344 quam
370 1273 407 1328 ad
419 1275 497 1330 Pers.
510 1274 590 1344 982⁶)
608 1275 791 1340 instituimus,
810 1275 910 1329 eadem
929 1292 981 1328 nos
1000 1274 1035 1328 ad
1049 1273 1246 1344 logaoedicum
1261 1274 1387 1328 adducit.

358 1365 432 1442 763..
456 1364 613 1418 Trochaico
632 1381 715 1417 versu
736 1364 910 1418 trochaicam
934 1364 1080 1434 stropham
1103 1362 1199 1418 claudi
1221 1379 1388 1434 persuasum

267 1452 374 1508 habeo:
397 1454 513 1523 καρδίας
535 1450 627 1522 γάμου
650 1457 767 1523 κυρῆσαι
789 1499 806 1508 -
818 1479 837 1506 υ
849 1499 866 1508 -
877 1441 900 1505 o'
908 1498 925 1507 -
938 1479 956 1505 υ
967 1499 985 1507 -
998 1469 1028 1521 ῡ,
1051 1452 1207 1507 secundum
1231 1469 1315 1523 quem
1335 1453 1385 1506 771

268 1541 452 1611 corrigendus
472 1547 523 1596 est.
554 1541 649 1606 Quare
669 1558 733 1595 cum
747 1541 920 1596 Oberdickio
940 1542 1102 1612 conspirare
1121 1557 1178 1594 non
1196 1557 1320 1611 possum,
1339 1541 1389 1610 qui

268 1630 379 1684 scribit:
398 1627 466 1700 κέαρ
484 1649 549 1699 γαμ,
569 1648 629 1700 κυρ.
649 1647 702 1684 nec
721 1647 784 1684 cum
803 1630 1041 1700 Heimsoethioh:
1060 1629 1174 1699 καρδίας
1192 1648 1257 1698 γαμ.
1276 1632 1387 1701 λυτῆρα,

268 1735 321 1772 nec
340 1735 404 1772 oum
423 1718 586 1788 Christio⁸):
606 1715 709 1790 κάρζας
726 1715 817 1788 γάμου
835 1723 959 1789 κυρῆσαι.
1134 1703 1164 1717 ⁹

723 2041 844 2145 capnt
870 2043 930 2124 Ill.

270 2204 361 2301 Qua
393 2204 488 2300 arto
514 2203 762 2323 Aeschylus
794 2202 1000 2322 strophas
1032 2201 1244 2300 iambicas
1277 2229 1389 2298 ccm-

414 2346 615 2464 posuerit
647 2346 864 2464 cxemplis
897 2345 1238 2442 demonstratur.

358 2504 528 2574 Priusquam
547 2503 584 2557 ad
602 2504 716 2574 singula
734 2511 924 2572 transeamus,
948 2519 1040 2572 pauca
1062 2504 1132 2556 mihi
1151 2503 1238 2556 liceat
1256 2503 1391 2574 praefari,

271 2612 326 2664 quo
345 2594 427 2658 ratio,
447 2609 532 2663 quam
551 2610 662 2663 sequar,
681 2593 800 2648 eluceat.

360 2683 402 2735 Ac
430 2683 552 2752 primum
581 2683 695 2752 quidem
723 2700 837 2737 moneo:
866 2699 923 2736 non
951 2699 1048 2735 omnes
1075 2681 1207 2751 strophas
1235 2680 1392 2734 secundum

271 2789 360 2825 unum
383 2771 498 2824 schema
522 2772 694 2840 compositas
718 2788 790 2836 esse,
819 2771 868 2825 sed
897 2772 959 2841 ipsa
987 2788 1023 2824 ex
1047 2771 1185 2824 varietate
1210 2769 1393 2839 stropharum

184 2919 187 2928 ,
271 2860 461 2936 excellentem
484 2865 598 2929 poetam
618 2861 758 2930 cognosci.
796 2861 949 2914 Universas
972 2861 1060 2930 igitur
1079 2859 1157 2928 leges
1180 2875 1224 2912 me
1244 2875 1393 2914 enumera-

270 2955 367 3002 turum
395 2965 455 3003 esse
483 2965 566 3002 nemo
590 2955 749 3018 exspectet,
779 2949 882 3018 quibus
905 2949 1072 3019 compositio
1095 2949 1277 3018 stropharum
1300 2948 1393 3018 magis

271 3037 416 3104 turbetur,
445 3053 530 3107 quam
557 3037 741 3107 explanetur,
770 3036 846 3106 quod
874 3038 996 3090 maxime
1020 3036 1097 3090 cadit
1125 3038 1154 3090 in
1178 3037 1215 3090 H.
1240 3035 1394 3090 Schmidtii

271 3127 423 3192 rationem,
448 3127 497 3196 qui
519 3126 691 3180 circulorum
713 3143 810 3192 causa,
835 3126 938 3197 quibus
961 3128 991 3180 in
1014 3126 1088 3180 libro
1112 3125 1335 3194 „Kunstformen
1359 3126 1393 3178 I“

272 3233 305 3270 eo
329 3216 447 3270 consilio
471 3233 538 3270 usus
563 3221 619 3283 est,
648 3222 680 3270 ut
703 3215 885 3284 enrhythmia
913 3216 1051 3282 eluceret,
1080 3232 1210 3268 versuum
1234 3215 1394 3284 simplicem

272 3305 492 3375 descriptionem
511 3305 652 3359 fastidivit
671 3305 890 3375 saepissimeque
909 3305 1041 3374 strophas
1060 3321 1111 3373 per
1128 3304 1184 3358 vim
1204 3304 1340 3357 tractavit
1359 3319 1394 3356 ac

272 3395 448 3465 depravavit.
486 3395 590 3459 Aurea,
610 3400 642 3448 ut
661 3395 703 3448 ita
721 3394 823 3459 dicam,
846 3394 915 3447 mihi
934 3392 1081 3460 videntur,
1106 3409 1178 3462 quae
1198 3391 1338 3446 Christius
1357 3391 1394 3445 de

272 3484 326 3536 hac
350 3500 380 3536 re
404 3484 433 3536 in
461 3483 582 3536 Matrica
606 3483 679 3536 dixit
703 3485 776 3554 (pag.
797 3484 873 3551 621),
904 3499 977 3551 ,wer
1000 3481 1046 3536 die
1070 3482 1235 3551 schwierige
1259 3480 1393 3551 Aufgabe

272 3573 350 3625 einer
369 3570 611 3641 kunstgerechteu
630 3571 756 3640 Analyse
779 3572 829 3626 der
847 3572 990 3641 Strophen
1010 3570 1209 3640 belriedigend
1228 3570 1307 3624 losen
1326 3569 1394 3637 will,

272 3660 340 3713 darf
361 3660 422 3713 sich
445 3659 526 3713 nicht
549 3677 605 3714 von
629 3659 694 3714 dem
717 3660 860 3714 Phantom
884 3661 972 3714 leiten
996 3660 1102 3727 lassen,
1127 3659 1169 3713 als
1192 3658 1229 3712 ob
1253 3658 1313 3712 sich
1338 3659 1394 3712 ein

273 3748 491 3803 Grundschema
509 3747 555 3802 fiir
574 3747 620 3802 die
639 3748 863 3818 Zergliederung
882 3749 953 3803 aller
966 3749 1110 3819 Strophen
1130 3747 1225 3802 finden
1245 3748 1344 3815 lasse,“
1364 3752 1394 3801 et

273 3838 330 3891 alio
353 3837 416 3890 loco
440 3837 515 3906 (pag.
540 3838 617 3907 623):
642 3837 712 3906 „mit
735 3836 925 3906 allgcmeinen
950 3837 1054 3892 Sitzcn
1079 3838 1148 3891 lasst
1172 3836 1233 3889 sich
1258 3837 1287 3888 in
1316 3836 1394 3890 einer

272 3925 439 3980 wesentlich
459 3925 647 3995 empirischen
661 3924 794 3995 Aufgabe
814 3926 895 3980 nicht
907 3927 973 3980 weit
993 3927 1151 3980 kommen.“
1189 3924 1223 3977 In
1243 3924 1394 3995 singulis

365 4069 390 4136 1)
410 4067 446 4121 cf.
466 4085 550 4138 pagg.
566 4070 580 4121 7
594 4086 654 4138 sqq.
673 4102 708 4109 -
728 4069 755 4137 2)
774 4068 809 4122 de
829 4075 910 4122 metr.
929 4073 1006 4138 poet.
1025 4084 1118 4121 scaen.
1138 4083 1202 4137 pag.
1217 4069 1260 4122 41.
1281 4101 1315 4108 -
1334 4068 1360 4137 3)
1375 4067 1394 4121 l.

273 4149 291 4201 l.
311 4165 376 4218 pag.
396 4148 439 4200 20.
459 4182 493 4188 -
512 4150 539 4216 4)
559 4148 642 4202 Metr.
663 4166 726 4219 pag.
747 4150 808 4204 784.
833 4179 865 4186 —
890 4150 917 4216 5)
937 4149 985 4219 qui
1004 4154 1081 4202 recte
1100 4149 1200 4202 vertit:
1221 4147 1325 4216 „allein
1346 4145 1394 4201 ob-

274 4226 398 4282 waltend
422 4227 502 4282 fiihrt
530 4228 596 4282 dein
620 4229 854 4284 Herrscherwink
879 4229 968 4282 alles
991 4247 1055 4282 zum
1079 4228 1158 4283 Ziel“
1173 4273 1178 4284 .
1194 4269 1220 4282 ..
1251 4260 1283 4268 -
1313 4229 1339 4297 6)
1357 4227 1394 4281 cf.

273 4325 339 4379 pag.
359 4309 400 4362 71.
422 4340 454 4346 -
476 4311 501 4378 7)
521 4308 666 4362 Wiederh.
685 4326 749 4378 pag.
770 4311 830 4365 356.
852 4342 883 4350 -
904 4310 931 4379 8)
950 4310 1034 4363 Metr.
1054 4326 1117 4380 pag.
1138 4310 1180 4364 29.
