<?xml version="1.0" encoding="UTF-8"?>
<!DOCTYPE html PUBLIC "-//W3C//DTD XHTML 1.0 Transitional//EN"
    "http://www.w3.org/TR/xhtml1/DTD/xhtml1-transitional.dtd">
<html xmlns="http://www.w3.org/1999/xhtml" xml:lang="en" lang="en">
 <head>
  <title>
</title>
<meta http-equiv="Content-Type" content="text/html;charset=utf-8" />
  <meta name='ocr-system' content='tesseract 3.04.00' />
  <meta name='ocr-capabilities' content='ocr_page ocr_carea ocr_par ocr_line ocrx_word'/>
</head>
<body>
  <div class='ocr_page' id='page_1' title='image "./deversuumiambic00preugoog_0092.png"; bbox 0 0 3176 5060; ppageno 0'>
   <div class='ocr_carea' id='block_1_1' title="bbox 690 286 916 346">
    <p class='ocr_par' dir='ltr' id='par_1_1' title="bbox 690 286 916 346">
     <span class='ocr_line' id='line_1_1' title="bbox 690 286 916 346; baseline 0 0"><span class='ocrx_word' id='word_1_1' title='bbox 690 286 916 346; x_wconf 69' lang='lat'><strong>—87-</strong></span> 
     </span>
    </p>
   </div>
   <div class='ocr_carea' id='block_1_2' title="bbox 235 457 1361 2477">
    <p class='ocr_par' dir='ltr' id='par_1_2' title="bbox 235 457 1361 2477">
     <span class='ocr_line' id='line_1_2' title="bbox 308 457 1303 536; baseline 0.003 -25"><span class='ocrx_word' id='word_1_2' title='bbox 308 459 336 527; x_wconf 87' lang='lat' dir='ltr'><strong>g)</strong></span> <span class='ocrx_word' id='word_1_3' title='bbox 354 457 497 528; x_wconf 77' lang='lat' dir='ltr'><strong>strophae,</strong></span> <span class='ocrx_word' id='word_1_4' title='bbox 516 458 620 529; x_wconf 89' lang='lat' dir='ltr'><strong>quibus</strong></span> <span class='ocrx_word' id='word_1_5' title='bbox 637 457 726 514; x_wconf 81' lang='lat' dir='ltr'><strong>iambi</strong></span> <span class='ocrx_word' id='word_1_6' title='bbox 744 460 924 536; x_wconf 82' lang='lat' dir='ltr'><strong>pherecratei</strong></span> <span class='ocrx_word' id='word_1_7' title='bbox 943 465 978 513; x_wconf 91' lang='lat' dir='ltr'><strong>et</strong></span> <span class='ocrx_word' id='word_1_8' title='bbox 990 459 1121 530; x_wconf 87' lang='lat' dir='ltr'><strong>glyconei</strong></span> <span class='ocrx_word' id='word_1_9' title='bbox 1142 465 1303 514; x_wconf 89' lang='lat' dir='ltr'><strong>occurrunt.</strong></span> 
     </span>
     <span class='ocr_line' id='line_1_3' title="bbox 331 547 982 603; baseline 0.003 -2"><span class='ocrx_word' id='word_1_10' title='bbox 331 547 416 602; x_wconf 86' lang='lat' dir='ltr'><strong>Pers.</strong></span> <span class='ocrx_word' id='word_1_11' title='bbox 436 548 503 603; x_wconf 74' lang='lat'><strong>0892</strong></span> <span class='ocrx_word' id='word_1_12' title='bbox 981 549 982 555; x_wconf 77' lang='grc'>’</span> 
     </span>
     <span class='ocr_line' id='line_1_4' title="bbox 243 625 1080 708; baseline 0.006 -17"><span class='ocrx_word' id='word_1_13' title='bbox 243 635 299 691; x_wconf 87' lang='grc' dir='ltr'><strong><em>Ξε.·</em></strong></span> <span class='ocrx_word' id='word_1_14' title='bbox 317 639 377 698; x_wconf 85' lang='grc' dir='ltr'><strong>πῶς</strong></span> <span class='ocrx_word' id='word_1_15' title='bbox 392 628 420 698; x_wconf 74' lang='grc' dir='ltr'><strong>δ’</strong></span> <span class='ocrx_word' id='word_1_16' title='bbox 439 625 490 700; x_wconf 79' lang='grc' dir='ltr'><strong><em>οό,·</em></strong></span> <span class='ocrx_word' id='word_1_17' title='bbox 508 631 628 708; x_wconf 87' lang='grc' dir='ltr'><strong><em>στρατόν</em></strong></span> <span class='ocrx_word' id='word_1_18' title='bbox 646 634 698 704; x_wconf 82' lang='grc' dir='ltr'><strong>μὲν</strong></span> <span class='ocrx_word' id='word_1_19' title='bbox 716 642 852 693; x_wconf 83' lang='grc' dir='ltr'><strong><em>τοσοῦτον</em></strong></span> <span class='ocrx_word' id='word_1_20' title='bbox 870 633 955 702; x_wconf 80' lang='grc' dir='ltr'><strong><em>τάλας</em></strong></span> <span class='ocrx_word' id='word_1_21' title='bbox 1078 691 1080 696; x_wconf 95' lang='grc'>.</span> 
     </span>
     <span class='ocr_line' id='line_1_5' title="bbox 313 705 1360 776; baseline 0.004 -16"><span class='ocrx_word' id='word_1_22' title='bbox 313 705 470 776; x_wconf 69' lang='grc' dir='ltr'><strong><em>πέπληγμαι</em></strong></span> <span class='ocrx_word' id='word_1_23' title='bbox 573 759 575 765; x_wconf 89' lang='grc'>,</span> <span class='ocrx_word' id='word_1_24' title='bbox 674 757 676 764; x_wconf 81' lang='grc'>,</span> <span class='ocrx_word' id='word_1_25' title='bbox 892 759 895 766; x_wconf 87' lang='grc'>,</span> <span class='ocrx_word' id='word_1_26' title='bbox 996 711 1360 764; x_wconf 63' lang='grc' dir='ltr'><strong>ῡ,υι...-υι.--υ-υι..-1</strong></span> 
     </span>
     <span class='ocr_line' id='line_1_6' title="bbox 242 784 1335 869; baseline 0.002 -21"><span class='ocrx_word' id='word_1_27' title='bbox 242 795 311 851; x_wconf 84' lang='lat' dir='ltr'><strong>XO:</strong></span> <span class='ocrx_word' id='word_1_28' title='bbox 329 795 356 849; x_wconf 85' lang='grc' dir='ltr'><strong><em>τί</em></strong></span> <span class='ocrx_word' id='word_1_29' title='bbox 374 790 397 848; x_wconf 79' lang='grc' dir='ltr'><strong>δ’</strong></span> <span class='ocrx_word' id='word_1_30' title='bbox 417 790 487 860; x_wconf 63' lang='lat' dir='ltr'><strong>otim</strong></span> <span class='ocrx_word' id='word_1_31' title='bbox 507 787 611 861; x_wconf 84' lang='grc' dir='ltr'><strong><em>όλωλεν</em></strong></span> <span class='ocrx_word' id='word_1_32' title='bbox 628 795 757 867; x_wconf 80' lang='grc' dir='ltr'><em>μεγάλως</em></span> <span class='ocrx_word' id='word_1_33' title='bbox 775 793 809 852; x_wconf 82' lang='grc' dir='ltr'><strong><em>τό</em></strong></span> <span class='ocrx_word' id='word_1_34' title='bbox 828 795 948 869; x_wconf 79' lang='grc' dir='ltr'><strong><em>Περσᾶν</em></strong></span> <span class='ocrx_word' id='word_1_35' title='bbox 996 784 1335 866; x_wconf 71' lang='grc' dir='ltr'><strong>υ-υ,Ι-υο-υ-ῡ</strong></span> 
     </span>
     <span class='ocr_line' id='line_1_7' title="bbox 243 879 1361 958; baseline -0.002 -16"><span class='ocrx_word' id='word_1_36' title='bbox 243 885 299 942; x_wconf 87' lang='grc' dir='ltr'><strong><em>Ξε.·</em></strong></span> <span class='ocrx_word' id='word_1_37' title='bbox 317 879 384 958; x_wconf 82' lang='grc' dir='ltr'><strong><em>όρᾷς</em></strong></span> <span class='ocrx_word' id='word_1_38' title='bbox 401 879 435 940; x_wconf 92' lang='grc' dir='ltr'><strong><em>τό</em></strong></span> <span class='ocrx_word' id='word_1_39' title='bbox 453 880 554 940; x_wconf 87' lang='grc' dir='ltr'><strong><em>λοιπόν</em></strong></span> <span class='ocrx_word' id='word_1_40' title='bbox 571 882 636 941; x_wconf 85' lang='grc' dir='ltr'><strong><em>τόόε</em></strong></span> <span class='ocrx_word' id='word_1_41' title='bbox 654 891 704 951; x_wconf 84' lang='grc' dir='ltr'><strong><em>τᾶς</em></strong></span> <span class='ocrx_word' id='word_1_42' title='bbox 722 883 790 954; x_wconf 85' lang='grc' dir='ltr'><strong><em>έμᾶς</em></strong></span> <span class='ocrx_word' id='word_1_43' title='bbox 809 890 925 952; x_wconf 81' lang='grc' dir='ltr'><strong><em>στολᾶς,·</em></strong></span> <span class='ocrx_word' id='word_1_44' title='bbox 996 914 1102 941; x_wconf 73' lang='grc' dir='ltr'><strong>ο-υ-</strong></span> <span class='ocrx_word' id='word_1_45' title='bbox 1119 890 1123 956; x_wconf 75' lang='grc' dir='ltr'><strong><em>ί</em></strong></span> <span class='ocrx_word' id='word_1_46' title='bbox 1139 913 1361 950; x_wconf 65' lang='grc' dir='ltr'><strong>-υυ,υ-υ-</strong></span> 
     </span>
     <span class='ocr_line' id='line_1_8' title="bbox 241 967 1100 1046; baseline 0.002 -18"><span class='ocrx_word' id='word_1_47' title='bbox 241 975 309 1030; x_wconf 83' lang='lat' dir='ltr'><strong>XO:</strong></span> <span class='ocrx_word' id='word_1_48' title='bbox 328 969 396 1046; x_wconf 83' lang='grc' dir='ltr'><strong><em>όρῶ,</em></strong></span> <span class='ocrx_word' id='word_1_49' title='bbox 414 967 479 1046; x_wconf 83' lang='grc' dir='ltr'><strong><em>ὁρῶ.</em></strong></span> <span class='ocrx_word' id='word_1_50' title='bbox 993 1003 1100 1031; x_wconf 77' lang='grc' dir='ltr'><strong>υ-υ-</strong></span> 
     </span>
     <span class='ocr_line' id='line_1_9' title="bbox 242 1058 1360 1134; baseline 0.001 -14"><span class='ocrx_word' id='word_1_51' title='bbox 242 1063 298 1123; x_wconf 86' lang='grc' dir='ltr'><strong><em>Ξε.·</em></strong></span> <span class='ocrx_word' id='word_1_52' title='bbox 315 1060 397 1118; x_wconf 83' lang='grc' dir='ltr'><strong><em>τόνόε</em></strong></span> <span class='ocrx_word' id='word_1_53' title='bbox 415 1058 439 1118; x_wconf 82' lang='grc' dir='ltr'><strong><em>τ’</em></strong></span> <span class='ocrx_word' id='word_1_54' title='bbox 459 1060 660 1134; x_wconf 72' lang='grc' dir='ltr'><strong><em>ὀιστοδέγμονα</em></strong></span> <span class='ocrx_word' id='word_1_55' title='bbox 993 1085 1219 1129; x_wconf 46' lang='lat' dir='ltr'><strong>,ommes</strong></span> <span class='ocrx_word' id='word_1_56' title='bbox 1344 1067 1360 1121; x_wconf 82' lang='lat'>5</span> 
     </span>
     <span class='ocr_line' id='line_1_10' title="bbox 241 1149 1250 1228; baseline 0.001 -21"><span class='ocrx_word' id='word_1_57' title='bbox 241 1155 272 1206; x_wconf 88' lang='lat' dir='ltr'><em>X</em></span> <span class='ocrx_word' id='word_1_58' title='bbox 271 1155 308 1208; x_wconf 88' lang='lat'><strong>0:</strong></span> <span class='ocrx_word' id='word_1_59' title='bbox 325 1154 353 1208; x_wconf 91' lang='grc' dir='ltr'><strong><em>τί</em></strong></span> <span class='ocrx_word' id='word_1_60' title='bbox 369 1149 435 1209; x_wconf 83' lang='grc' dir='ltr'><strong><em>τόδε</em></strong></span> <span class='ocrx_word' id='word_1_61' title='bbox 452 1153 541 1224; x_wconf 84' lang='grc' dir='ltr'><strong><em>λέγεις</em></strong></span> <span class='ocrx_word' id='word_1_62' title='bbox 560 1152 737 1228; x_wconf 87' lang='grc' dir='ltr'><strong><em>σεσῳσμένον</em></strong></span> <span class='ocrx_word' id='word_1_63' title='bbox 743 1175 754 1219; x_wconf 85' lang='grc'><em>;</em></span> <span class='ocrx_word' id='word_1_64' title='bbox 994 1181 1013 1208; x_wconf 79' lang='grc' dir='ltr'><strong>υ</strong></span> <span class='ocrx_word' id='word_1_65' title='bbox 1024 1168 1043 1208; x_wconf 79' lang='lat' dir='ltr'><strong>o</strong></span> <span class='ocrx_word' id='word_1_66' title='bbox 1053 1182 1072 1208; x_wconf 76' lang='grc' dir='ltr'><strong>υ</strong></span> <span class='ocrx_word' id='word_1_67' title='bbox 1083 1181 1102 1208; x_wconf 76' lang='lat' dir='ltr'><strong>o</strong></span> <span class='ocrx_word' id='word_1_68' title='bbox 1113 1200 1131 1208; x_wconf 83' lang='lat'><strong>-</strong></span> <span class='ocrx_word' id='word_1_69' title='bbox 1142 1181 1161 1210; x_wconf 76' lang='lat' dir='ltr'><strong>o</strong></span> <span class='ocrx_word' id='word_1_70' title='bbox 1173 1188 1190 1196; x_wconf 94' lang='lat'><em>-</em></span> <span class='ocrx_word' id='word_1_71' title='bbox 1202 1183 1220 1208; x_wconf 75' lang='grc' dir='ltr'><strong>υ</strong></span> <span class='ocrx_word' id='word_1_72' title='bbox 1232 1174 1250 1208; x_wconf 65' lang='lat' dir='ltr'><strong>n</strong></span> 
     </span>
     <span class='ocr_line' id='line_1_11' title="bbox 241 1237 1190 1315; baseline -0.001 -16"><span class='ocrx_word' id='word_1_73' title='bbox 241 1243 298 1299; x_wconf 73' lang='lat' dir='ltr'><strong>Ea:</strong></span> <span class='ocrx_word' id='word_1_74' title='bbox 315 1237 458 1315; x_wconf 77' lang='grc' dir='ltr'><strong><em>θησαυρόν</em></strong></span> <span class='ocrx_word' id='word_1_75' title='bbox 475 1242 616 1315; x_wconf 82' lang='grc' dir='ltr'><strong><em>βελέεσσιν</em></strong></span> <span class='ocrx_word' id='word_1_76' title='bbox 621 1265 632 1309; x_wconf 85' lang='grc'><strong>,·</strong></span> <span class='ocrx_word' id='word_1_77' title='bbox 992 1290 1010 1297; x_wconf 89' lang='grc'><strong>-</strong></span> <span class='ocrx_word' id='word_1_78' title='bbox 1023 1261 1040 1296; x_wconf 75' lang='grc' dir='ltr'>ῡ</span> <span class='ocrx_word' id='word_1_79' title='bbox 1053 1277 1070 1284; x_wconf 98' lang='grc'>-</span> <span class='ocrx_word' id='word_1_80' title='bbox 1082 1270 1100 1296; x_wconf 75' lang='lat' dir='ltr'><strong>o</strong></span> <span class='ocrx_word' id='word_1_81' title='bbox 1111 1270 1130 1297; x_wconf 75' lang='grc' dir='ltr'><strong>υ</strong></span> <span class='ocrx_word' id='word_1_82' title='bbox 1142 1278 1159 1284; x_wconf 96' lang='grc'><strong>-</strong></span> <span class='ocrx_word' id='word_1_83' title='bbox 1171 1271 1190 1298; x_wconf 78' lang='grc' dir='ltr'><strong>υ</strong></span> 
     </span>
     <span class='ocr_line' id='line_1_12' title="bbox 240 1326 1188 1404; baseline 0 -18"><span class='ocrx_word' id='word_1_84' title='bbox 240 1333 308 1389; x_wconf 85' lang='lat' dir='ltr'><strong>XO:</strong></span> <span class='ocrx_word' id='word_1_85' title='bbox 326 1330 392 1404; x_wconf 80' lang='grc' dir='ltr'><strong><em>βαιά</em></strong></span> <span class='ocrx_word' id='word_1_86' title='bbox 410 1329 437 1404; x_wconf 79' lang='grc' dir='ltr'><strong>γ’</strong></span> <span class='ocrx_word' id='word_1_87' title='bbox 457 1326 494 1398; x_wconf 78' lang='grc' dir='ltr'><strong><em>τός</em></strong></span> <span class='ocrx_word' id='word_1_88' title='bbox 512 1329 570 1388; x_wconf 76' lang='grc' dir='ltr'><strong>ἀπό</strong></span> <span class='ocrx_word' id='word_1_89' title='bbox 587 1337 707 1390; x_wconf 79' lang='grc' dir='ltr'><strong><em>πολλῶν.</em></strong></span> <span class='ocrx_word' id='word_1_90' title='bbox 991 1351 1188 1387; x_wconf 76' lang='grc' dir='ltr'><strong>-υ-υυ-ῡ</strong></span> 
     </span>
     <span class='ocr_line' id='line_1_13' title="bbox 240 1417 1188 1495; baseline -0.004 -15"><span class='ocrx_word' id='word_1_91' title='bbox 240 1423 297 1480; x_wconf 72' lang='lat' dir='ltr'><strong>Ea:</strong></span> <span class='ocrx_word' id='word_1_92' title='bbox 314 1417 495 1492; x_wconf 74' lang='grc' dir='ltr'><strong><em>ἐσπανίσμεθ’</em></strong></span> <span class='ocrx_word' id='word_1_93' title='bbox 514 1419 641 1495; x_wconf 76' lang='grc' dir='ltr'><strong><em>ἀρωγῶν.</em></strong></span> <span class='ocrx_word' id='word_1_94' title='bbox 879 1483 884 1492; x_wconf 61' lang='grc'><em>,</em></span> <span class='ocrx_word' id='word_1_95' title='bbox 927 1483 931 1490; x_wconf 50' lang='grc'><strong><em>,</em></strong></span> <span class='ocrx_word' id='word_1_96' title='bbox 991 1440 1188 1478; x_wconf 76' lang='grc' dir='ltr'><strong>-υ-υυ-ῡ</strong></span> 
     </span>
     <span class='ocr_line' id='line_1_14' title="bbox 239 1505 1358 1583; baseline 0.001 -18"><span class='ocrx_word' id='word_1_97' title='bbox 239 1512 308 1566; x_wconf 86' lang='lat' dir='ltr'><strong>XO:</strong></span> <span class='ocrx_word' id='word_1_98' title='bbox 326 1506 419 1567; x_wconf 81' lang='grc' dir='ltr'><strong><em>Ἰάνων</em></strong></span> <span class='ocrx_word' id='word_1_99' title='bbox 437 1505 504 1576; x_wconf 88' lang='grc' dir='ltr'><strong><em>λαός</em></strong></span> <span class='ocrx_word' id='word_1_100' title='bbox 523 1506 557 1568; x_wconf 80' lang='grc' dir='ltr'><strong>οὗ</strong></span> <span class='ocrx_word' id='word_1_101' title='bbox 575 1513 739 1583; x_wconf 72' lang='grc' dir='ltr'><strong><em>φυγαίχμας·</em></strong></span> <span class='ocrx_word' id='word_1_102' title='bbox 993 1538 1302 1566; x_wconf 29' lang='lat' dir='ltr'><strong>ommonem-</strong></span> <span class='ocrx_word' id='word_1_103' title='bbox 1327 1515 1358 1566; x_wconf 93' lang='lat'><strong>10</strong></span> 
     </span>
     <span class='ocr_line' id='line_1_15' title="bbox 327 1601 1359 1673; baseline 0 -17"><span class='ocrx_word' id='word_1_104' title='bbox 327 1601 518 1662; x_wconf 89' lang='lat' dir='ltr'><strong>Laudandum</strong></span> <span class='ocrx_word' id='word_1_105' title='bbox 539 1608 596 1671; x_wconf 86' lang='lat' dir='ltr'><strong>est,</strong></span> <span class='ocrx_word' id='word_1_106' title='bbox 619 1602 696 1673; x_wconf 90' lang='lat' dir='ltr'><strong>quod</strong></span> <span class='ocrx_word' id='word_1_107' title='bbox 714 1607 801 1673; x_wconf 88' lang='lat' dir='ltr'><strong>poeta</strong></span> <span class='ocrx_word' id='word_1_108' title='bbox 817 1601 972 1658; x_wconf 85' lang='lat' dir='ltr'><strong>iambicum</strong></span> <span class='ocrx_word' id='word_1_109' title='bbox 994 1618 1143 1658; x_wconf 89' lang='lat' dir='ltr'><strong>numerum</strong></span> <span class='ocrx_word' id='word_1_110' title='bbox 1162 1619 1226 1656; x_wconf 89' lang='lat' dir='ltr'><strong>curn</strong></span> <span class='ocrx_word' id='word_1_111' title='bbox 1245 1603 1359 1673; x_wconf 88' lang='lat' dir='ltr'><strong>logaoe-</strong></span> 
     </span>
     <span class='ocr_line' id='line_1_16' title="bbox 239 1689 1359 1762; baseline 0.001 -18"><span class='ocrx_word' id='word_1_112' title='bbox 239 1689 302 1744; x_wconf 89' lang='lat' dir='ltr'><strong>dico</strong></span> <span class='ocrx_word' id='word_1_113' title='bbox 322 1691 484 1760; x_wconf 87' lang='lat' dir='ltr'><strong>coniunxit,</strong></span> <span class='ocrx_word' id='word_1_114' title='bbox 508 1708 581 1762; x_wconf 91' lang='lat' dir='ltr'><strong>quae</strong></span> <span class='ocrx_word' id='word_1_115' title='bbox 603 1692 711 1762; x_wconf 86' lang='lat' dir='ltr'><strong>species</strong></span> <span class='ocrx_word' id='word_1_116' title='bbox 729 1715 837 1746; x_wconf 77' lang='grc' dir='ltr'><strong>υ-υ.</strong></span> <span class='ocrx_word' id='word_1_117' title='bbox 853 1693 857 1759; x_wconf 79' lang='grc' dir='ltr'>Ι</span> <span class='ocrx_word' id='word_1_118' title='bbox 872 1716 973 1746; x_wconf 75' lang='grc' dir='ltr'><strong>-υυ.</strong></span> <span class='ocrx_word' id='word_1_119' title='bbox 992 1692 1120 1762; x_wconf 42' lang='grc' dir='ltr'><strong><em>μορε)</em></strong></span> <span class='ocrx_word' id='word_1_120' title='bbox 1144 1692 1237 1762; x_wconf 88' lang='lat' dir='ltr'><strong>ipsum</strong></span> <span class='ocrx_word' id='word_1_121' title='bbox 1259 1691 1359 1745; x_wconf 87' lang='lat' dir='ltr'><strong>iambi·</strong></span> 
     </span>
     <span class='ocr_line' id='line_1_17' title="bbox 238 1780 1357 1857; baseline 0.003 -24"><span class='ocrx_word' id='word_1_122' title='bbox 238 1796 303 1833; x_wconf 89' lang='lat' dir='ltr'><strong>cum</strong></span> <span class='ocrx_word' id='word_1_123' title='bbox 322 1797 442 1850; x_wconf 89' lang='lat' dir='ltr'><strong>versum,</strong></span> <span class='ocrx_word' id='word_1_124' title='bbox 462 1782 514 1835; x_wconf 89' lang='lat' dir='ltr'><strong>etsi</strong></span> <span class='ocrx_word' id='word_1_125' title='bbox 534 1788 627 1844; x_wconf 87' lang='grc' dir='ltr'><strong><em>τοναῖς</em></strong></span> <span class='ocrx_word' id='word_1_126' title='bbox 646 1786 675 1835; x_wconf 90' lang='lat' dir='ltr'><strong>et</strong></span> <span class='ocrx_word' id='word_1_127' title='bbox 693 1780 883 1836; x_wconf 77' lang='lat' dir='ltr'>solutionibus</span> <span class='ocrx_word' id='word_1_128' title='bbox 902 1786 1019 1835; x_wconf 90' lang='lat' dir='ltr'><strong>ornatus</strong></span> <span class='ocrx_word' id='word_1_129' title='bbox 1038 1785 1100 1857; x_wconf 86' lang='lat' dir='ltr'><strong>est,</strong></span> <span class='ocrx_word' id='word_1_130' title='bbox 1118 1782 1215 1851; x_wconf 85' lang='lat' dir='ltr'><strong>vigore</strong></span> <span class='ocrx_word' id='word_1_131' title='bbox 1234 1787 1357 1851; x_wconf 86' lang='lat' dir='ltr'><strong>superat.</strong></span> 
     </span>
     <span class='ocr_line' id='line_1_18' title="bbox 238 1862 1358 1942; baseline 0.001 -20"><span class='ocrx_word' id='word_1_132' title='bbox 238 1868 282 1923; x_wconf 94' lang='lat' dir='ltr'><strong>De</strong></span> <span class='ocrx_word' id='word_1_133' title='bbox 297 1868 422 1924; x_wconf 85' lang='lat' dir='ltr'><strong>diiambo</strong></span> <span class='ocrx_word' id='word_1_134' title='bbox 436 1862 493 1942; x_wconf 85' lang='grc' dir='ltr'><strong>όρῶ</strong></span> <span class='ocrx_word' id='word_1_135' title='bbox 507 1863 564 1942; x_wconf 87' lang='grc' dir='ltr'><strong>όρῶ</strong></span> <span class='ocrx_word' id='word_1_136' title='bbox 577 1869 672 1924; x_wconf 89' lang='lat' dir='ltr'><strong>subito</strong></span> <span class='ocrx_word' id='word_1_137' title='bbox 691 1871 869 1941; x_wconf 86' lang='lat' dir='ltr'><strong>interposito,</strong></span> <span class='ocrx_word' id='word_1_138' title='bbox 882 1875 1033 1941; x_wconf 86' lang='lat' dir='ltr'><strong>praeterea</strong></span> <span class='ocrx_word' id='word_1_139' title='bbox 1046 1869 1081 1924; x_wconf 93' lang='lat' dir='ltr'><strong>de</strong></span> <span class='ocrx_word' id='word_1_140' title='bbox 1101 1869 1222 1924; x_wconf 91' lang='lat' dir='ltr'><strong>dimetro</strong></span> <span class='ocrx_word' id='word_1_141' title='bbox 1235 1869 1358 1923; x_wconf 88' lang='lat' dir='ltr'><strong>iambico</strong></span> 
     </span>
     <span class='ocr_line' id='line_1_19' title="bbox 240 1957 1357 2040; baseline 0.001 -29"><span class='ocrx_word' id='word_1_142' title='bbox 240 1957 331 2012; x_wconf 88' lang='lat' dir='ltr'><strong>soluto</strong></span> <span class='ocrx_word' id='word_1_143' title='bbox 346 1959 392 2029; x_wconf 86' lang='lat' dir='ltr'><strong>(V.</strong></span> <span class='ocrx_word' id='word_1_144' title='bbox 408 1960 443 2029; x_wconf 79' lang='lat'><strong>6),</strong></span> <span class='ocrx_word' id='word_1_145' title='bbox 462 1959 511 2030; x_wconf 89' lang='lat' dir='ltr'><strong>qui</strong></span> <span class='ocrx_word' id='word_1_146' title='bbox 530 1959 583 2014; x_wconf 89' lang='lat' dir='ltr'><strong>suh</strong></span> <span class='ocrx_word' id='word_1_147' title='bbox 596 1959 690 2030; x_wconf 87' lang='lat' dir='ltr'><strong>specie</strong></span> <span class='ocrx_word' id='word_1_148' title='bbox 704 1959 937 2040; x_wconf 82' lang='lat' dir='ltr'><strong>interrogationis</strong></span> <span class='ocrx_word' id='word_1_149' title='bbox 950 1959 1057 2029; x_wconf 90' lang='lat' dir='ltr'><strong>optime</strong></span> <span class='ocrx_word' id='word_1_150' title='bbox 1070 1975 1236 2029; x_wconf 87' lang='lat' dir='ltr'><strong>responsum</strong></span> <span class='ocrx_word' id='word_1_151' title='bbox 1255 1958 1357 2024; x_wconf 88' lang='lat' dir='ltr'><strong>reddit,</strong></span> 
     </span>
     <span class='ocr_line' id='line_1_20' title="bbox 240 2047 1357 2120; baseline 0 -18"><span class='ocrx_word' id='word_1_152' title='bbox 240 2053 380 2118; x_wconf 86' lang='lat' dir='ltr'><strong>postremo</strong></span> <span class='ocrx_word' id='word_1_153' title='bbox 403 2047 439 2103; x_wconf 94' lang='lat' dir='ltr'><strong>de</strong></span> <span class='ocrx_word' id='word_1_154' title='bbox 462 2050 591 2104; x_wconf 79' lang='lat' dir='ltr'>trimetro</span> <span class='ocrx_word' id='word_1_155' title='bbox 617 2049 740 2105; x_wconf 87' lang='lat' dir='ltr'><strong>iambico</strong></span> <span class='ocrx_word' id='word_1_156' title='bbox 764 2051 924 2119; x_wconf 81' lang='lat' dir='ltr'><strong>syncopato</strong></span> <span class='ocrx_word' id='word_1_157' title='bbox 945 2049 993 2118; x_wconf 86' lang='lat' dir='ltr'><strong>(V.</strong></span> <span class='ocrx_word' id='word_1_158' title='bbox 1018 2049 1077 2119; x_wconf 89' lang='grc'>10),</span> <span class='ocrx_word' id='word_1_159' title='bbox 1106 2049 1155 2120; x_wconf 95' lang='lat' dir='ltr'><strong>qui</strong></span> <span class='ocrx_word' id='word_1_160' title='bbox 1182 2048 1357 2118; x_wconf 79' lang='lat' dir='ltr'><strong>rhythmum,</strong></span> 
     </span>
     <span class='ocr_line' id='line_1_21' title="bbox 239 2139 1357 2210; baseline 0 -19"><span class='ocrx_word' id='word_1_161' title='bbox 239 2155 322 2208; x_wconf 88' lang='lat' dir='ltr'><strong>quem</strong></span> <span class='ocrx_word' id='word_1_162' title='bbox 341 2153 423 2192; x_wconf 88' lang='lat' dir='ltr'><strong>aures</strong></span> <span class='ocrx_word' id='word_1_163' title='bbox 441 2145 554 2194; x_wconf 86' lang='lat' dir='ltr'><strong>nostrae</strong></span> <span class='ocrx_word' id='word_1_164' title='bbox 573 2139 656 2195; x_wconf 90' lang='lat' dir='ltr'><strong>initio</strong></span> <span class='ocrx_word' id='word_1_165' title='bbox 675 2144 856 2210; x_wconf 86' lang='lat' dir='ltr'><strong>acceperunt,</strong></span> <span class='ocrx_word' id='word_1_166' title='bbox 875 2144 1046 2196; x_wconf 87' lang='lat' dir='ltr'><strong>renovatae</strong></span> <span class='ocrx_word' id='word_1_167' title='bbox 1065 2139 1205 2205; x_wconf 79' lang='lat' dir='ltr'><strong>restituit,</strong></span> <span class='ocrx_word' id='word_1_168' title='bbox 1228 2143 1258 2194; x_wconf 90' lang='lat' dir='ltr'><strong>et</strong></span> <span class='ocrx_word' id='word_1_169' title='bbox 1277 2139 1357 2209; x_wconf 83' lang='lat' dir='ltr'><strong>quasi</strong></span> 
     </span>
     <span class='ocr_line' id='line_1_22' title="bbox 236 2217 1359 2296; baseline 0.001 -16"><span class='ocrx_word' id='word_1_170' title='bbox 236 2243 374 2281; x_wconf 88' lang='lat' dir='ltr'><strong>summam</strong></span> <span class='ocrx_word' id='word_1_171' title='bbox 387 2228 514 2283; x_wconf 91' lang='lat' dir='ltr'><strong>omnium</strong></span> <span class='ocrx_word' id='word_1_172' title='bbox 532 2229 737 2296; x_wconf 87' lang='lat' dir='ltr'><strong>calamitatum,</strong></span> <span class='ocrx_word' id='word_1_173' title='bbox 747 2217 861 2292; x_wconf 80' lang='lat' dir='ltr'><strong>nomen</strong></span> <span class='ocrx_word' id='word_1_174' title='bbox 879 2228 952 2290; x_wconf 80' lang='lat' dir='ltr'><strong>illud</strong></span> <span class='ocrx_word' id='word_1_175' title='bbox 971 2227 1101 2282; x_wconf 89' lang='lat' dir='ltr'><strong>odiosum</strong></span> <span class='ocrx_word' id='word_1_176' title='bbox 1113 2228 1285 2284; x_wconf 81' lang='lat' dir='ltr'><strong>Graecorum</strong></span> <span class='ocrx_word' id='word_1_177' title='bbox 1304 2227 1359 2282; x_wconf 91' lang='lat' dir='ltr'><strong>sub</strong></span> 
     </span>
     <span class='ocr_line' id='line_1_23' title="bbox 236 2317 1356 2388; baseline 0.001 -18"><span class='ocrx_word' id='word_1_178' title='bbox 236 2317 319 2372; x_wconf 90' lang='lat' dir='ltr'><strong>initio</strong></span> <span class='ocrx_word' id='word_1_179' title='bbox 337 2318 462 2388; x_wconf 91' lang='lat' dir='ltr'><strong>positum</strong></span> <span class='ocrx_word' id='word_1_180' title='bbox 474 2318 557 2374; x_wconf 86' lang='lat' dir='ltr'><strong>nobis</strong></span> <span class='ocrx_word' id='word_1_181' title='bbox 575 2318 612 2373; x_wconf 90' lang='lat' dir='ltr'><strong>ad</strong></span> <span class='ocrx_word' id='word_1_182' title='bbox 631 2320 757 2373; x_wconf 89' lang='lat' dir='ltr'><strong>animum</strong></span> <span class='ocrx_word' id='word_1_183' title='bbox 769 2324 893 2385; x_wconf 89' lang='lat' dir='ltr'><strong>revocat,</strong></span> <span class='ocrx_word' id='word_1_184' title='bbox 912 2317 985 2372; x_wconf 91' lang='lat' dir='ltr'><strong>nihil</strong></span> <span class='ocrx_word' id='word_1_185' title='bbox 998 2317 1150 2373; x_wconf 89' lang='lat' dir='ltr'><strong>dicendum</strong></span> <span class='ocrx_word' id='word_1_186' title='bbox 1164 2319 1273 2388; x_wconf 87' lang='lat' dir='ltr'><strong>putavi,</strong></span> <span class='ocrx_word' id='word_1_187' title='bbox 1292 2334 1356 2371; x_wconf 88' lang='lat' dir='ltr'><strong>cnm</strong></span> 
     </span>
     <span class='ocr_line' id='line_1_24' title="bbox 235 2405 1353 2477; baseline -0.001 -18"><span class='ocrx_word' id='word_1_188' title='bbox 235 2407 428 2477; x_wconf 85' lang='lat' dir='ltr'><strong>unusquisque</strong></span> <span class='ocrx_word' id='word_1_189' title='bbox 447 2408 571 2462; x_wconf 87' lang='lat' dir='ltr'><strong>carmine</strong></span> <span class='ocrx_word' id='word_1_190' title='bbox 590 2408 655 2461; x_wconf 88' lang='lat' dir='ltr'><strong>viva</strong></span> <span class='ocrx_word' id='word_1_191' title='bbox 674 2423 744 2468; x_wconf 82' lang='lat' dir='ltr'><strong>voce</strong></span> <span class='ocrx_word' id='word_1_192' title='bbox 761 2408 882 2465; x_wconf 83' lang='lat' dir='ltr'><strong>recitato</strong></span> <span class='ocrx_word' id='word_1_193' title='bbox 901 2406 975 2460; x_wconf 92' lang='lat' dir='ltr'><strong>hanc</strong></span> <span class='ocrx_word' id='word_1_194' title='bbox 999 2406 1171 2477; x_wconf 80' lang='lat' dir='ltr'><strong>elegantiam</strong></span> <span class='ocrx_word' id='word_1_195' title='bbox 1195 2405 1353 2475; x_wconf 87' lang='lat' dir='ltr'><strong>intellegat.</strong></span> 
     </span>
    </p>
   </div>
   <div class='ocr_carea' id='block_1_3' title="bbox 325 2507 513 2573">
    <p class='ocr_par' dir='ltr' id='par_1_3' title="bbox 325 2507 513 2573">
     <span class='ocr_line' id='line_1_25' title="bbox 325 2507 513 2573; baseline 0.011 -14"><span class='ocrx_word' id='word_1_196' title='bbox 325 2508 427 2573; x_wconf 71' lang='lat' dir='ltr'><strong>agam.</strong></span> <span class='ocrx_word' id='word_1_197' title='bbox 446 2507 513 2561; x_wconf 78' lang='lat'><strong>2052</strong></span> 
     </span>
    </p>
   </div>
   <div class='ocr_carea' id='block_1_4' title="bbox 411 2587 1354 3231">
    <p class='ocr_par' dir='ltr' id='par_1_4' title="bbox 412 2587 1352 2828">
     <span class='ocr_line' id='line_1_26' title="bbox 412 2587 1352 2665; baseline -0.001 -18"><span class='ocrx_word' id='word_1_198' title='bbox 412 2591 473 2648; x_wconf 78' lang='grc' dir='ltr'><strong><em>ἐπεὶ</em></strong></span> <span class='ocrx_word' id='word_1_199' title='bbox 491 2588 516 2648; x_wconf 76' lang='grc' dir='ltr'><strong>δ’</strong></span> <span class='ocrx_word' id='word_1_200' title='bbox 534 2588 656 2665; x_wconf 75' lang='grc' dir='ltr'><strong><em>ἀνάγκας</em></strong></span> <span class='ocrx_word' id='word_1_201' title='bbox 674 2587 722 2648; x_wconf 73' lang='lat' dir='ltr'><strong>div</strong></span> <span class='ocrx_word' id='word_1_202' title='bbox 739 2593 879 2650; x_wconf 81' lang='grc' dir='ltr'><strong><em>λέπαδνον</em></strong></span> <span class='ocrx_word' id='word_1_203' title='bbox 979 2619 1057 2648; x_wconf 75' lang='grc' dir='ltr'><strong>υ-υ</strong></span> <span class='ocrx_word' id='word_1_204' title='bbox 1070 2619 1270 2648; x_wconf 33' lang='grc' dir='ltr'><strong>ωψσε.</strong></span> <span class='ocrx_word' id='word_1_205' title='bbox 1283 2611 1302 2646; x_wconf 66' lang='lat' dir='ltr'><strong>n</strong></span> <span class='ocrx_word' id='word_1_206' title='bbox 1340 2596 1352 2647; x_wconf 93' lang='lat'>1</span> 
     </span>
     <span class='ocr_line' id='line_1_27' title="bbox 414 2670 1301 2746; baseline 0 -17"><span class='ocrx_word' id='word_1_207' title='bbox 414 2670 516 2746; x_wconf 87' lang='grc' dir='ltr'><strong><em>φρενός</em></strong></span> <span class='ocrx_word' id='word_1_208' title='bbox 534 2673 626 2730; x_wconf 82' lang='grc' dir='ltr'><strong><em>πνέων</em></strong></span> <span class='ocrx_word' id='word_1_209' title='bbox 642 2678 764 2746; x_wconf 69' lang='grc' dir='ltr'><strong><em>δυσσεβῆ</em></strong></span> <span class='ocrx_word' id='word_1_210' title='bbox 782 2675 917 2746; x_wconf 77' lang='grc' dir='ltr'><strong><em>τροπαίαν</em></strong></span> <span class='ocrx_word' id='word_1_211' title='bbox 979 2700 1104 2728; x_wconf 45' lang='lat' dir='ltr'><strong>mot.</strong></span> <span class='ocrx_word' id='word_1_212' title='bbox 1117 2700 1224 2729; x_wconf 76' lang='grc' dir='ltr'><strong>.υ-υ</strong></span> <span class='ocrx_word' id='word_1_213' title='bbox 1237 2709 1301 2729; x_wconf 54' lang='lat' dir='ltr'><strong>a.-</strong></span> 
     </span>
     <span class='ocr_line' id='line_1_28' title="bbox 412 2747 1237 2828; baseline 0 -20"><span class='ocrx_word' id='word_1_214' title='bbox 412 2747 542 2826; x_wconf 77' lang='grc' dir='ltr'><strong><em>ἄναγνον,</em></strong></span> <span class='ocrx_word' id='word_1_215' title='bbox 560 2751 679 2828; x_wconf 82' lang='grc' dir='ltr'><strong><em>ἀνίερον,</em></strong></span> <span class='ocrx_word' id='word_1_216' title='bbox 699 2751 784 2811; x_wconf 85' lang='grc' dir='ltr'><strong><em>τόθεν</em></strong></span> <span class='ocrx_word' id='word_1_217' title='bbox 857 2822 860 2827; x_wconf 17' lang='grc' dir='ltr'>ι</span> <span class='ocrx_word' id='word_1_218' title='bbox 979 2767 1237 2824; x_wconf 37' lang='grc' dir='ltr'><strong>κρόμμυα</strong></span> 
     </span>
    </p>

    <p class='ocr_par' dir='ltr' id='par_1_5' title="bbox 411 2830 1354 3149">
     <span class='ocr_line' id='line_1_29' title="bbox 412 2830 1301 2907; baseline 0 -17"><span class='ocrx_word' id='word_1_219' title='bbox 412 2830 445 2891; x_wconf 91' lang='grc' dir='ltr'><strong><em>τό</em></strong></span> <span class='ocrx_word' id='word_1_220' title='bbox 464 2832 658 2904; x_wconf 81' lang='grc' dir='ltr'><strong><em>παντότολμον</em></strong></span> <span class='ocrx_word' id='word_1_221' title='bbox 677 2843 792 2907; x_wconf 80' lang='grc' dir='ltr'><strong><em>φρονεῖν</em></strong></span> <span class='ocrx_word' id='word_1_222' title='bbox 809 2835 942 2906; x_wconf 86' lang='grc' dir='ltr'><strong><em>μετέγνω.</em></strong></span> <span class='ocrx_word' id='word_1_223' title='bbox 978 2863 997 2889; x_wconf 76' lang='grc' dir='ltr'><strong>υ</strong></span> <span class='ocrx_word' id='word_1_224' title='bbox 1009 2882 1027 2890; x_wconf 89' lang='grc'><strong>-</strong></span> <span class='ocrx_word' id='word_1_225' title='bbox 1039 2862 1057 2888; x_wconf 79' lang='grc' dir='ltr'><strong>υ</strong></span> <span class='ocrx_word' id='word_1_226' title='bbox 1069 2868 1104 2890; x_wconf 69' lang='grc' dir='ltr'><strong>ι..</strong></span> <span class='ocrx_word' id='word_1_227' title='bbox 1117 2883 1134 2891; x_wconf 85' lang='grc'><strong>-</strong></span> <span class='ocrx_word' id='word_1_228' title='bbox 1146 2862 1165 2890; x_wconf 81' lang='grc' dir='ltr'><strong>υ</strong></span> <span class='ocrx_word' id='word_1_229' title='bbox 1177 2881 1195 2890; x_wconf 83' lang='grc'><strong>-</strong></span> <span class='ocrx_word' id='word_1_230' title='bbox 1207 2862 1225 2889; x_wconf 78' lang='grc' dir='ltr'><strong>υ</strong></span> <span class='ocrx_word' id='word_1_231' title='bbox 1237 2870 1271 2890; x_wconf 38' lang='grc' dir='ltr'><strong>μ</strong></span> <span class='ocrx_word' id='word_1_232' title='bbox 1284 2883 1301 2890; x_wconf 94' lang='grc'><strong>-</strong></span> 
     </span>
     <span class='ocr_line' id='line_1_30' title="bbox 411 2911 1354 2988; baseline -0.002 -16"><span class='ocrx_word' id='word_1_233' title='bbox 411 2912 532 2988; x_wconf 81' lang='grc' dir='ltr'><strong><em>βροτοὺς</em></strong></span> <span class='ocrx_word' id='word_1_234' title='bbox 549 2912 683 2988; x_wconf 73' lang='grc' dir='ltr'><strong><em>θρασύνει</em></strong></span> <span class='ocrx_word' id='word_1_235' title='bbox 701 2911 953 2988; x_wconf 77' lang='grc' dir='ltr'><strong><em>γὰραίσχρόμπτις</em></strong></span> <span class='ocrx_word' id='word_1_236' title='bbox 979 2942 1057 2970; x_wconf 74' lang='grc' dir='ltr'><strong>υ-υ</strong></span> <span class='ocrx_word' id='word_1_237' title='bbox 1070 2950 1104 2970; x_wconf 37' lang='grc' dir='ltr'><strong>μ</strong></span> <span class='ocrx_word' id='word_1_238' title='bbox 1118 2943 1271 2972; x_wconf 64' lang='grc' dir='ltr'><strong>.υ-υι..</strong></span> <span class='ocrx_word' id='word_1_239' title='bbox 1284 2935 1302 2968; x_wconf 63' lang='lat' dir='ltr'><strong>a</strong></span> <span class='ocrx_word' id='word_1_240' title='bbox 1338 2919 1354 2970; x_wconf 83' lang='lat'>5</span> 
     </span>
     <span class='ocr_line' id='line_1_31' title="bbox 412 2991 1333 3074; baseline 0 -24"><span class='ocrx_word' id='word_1_241' title='bbox 412 2993 527 3051; x_wconf 83' lang='grc' dir='ltr'><strong><em>τάλαινα</em></strong></span> <span class='ocrx_word' id='word_1_242' title='bbox 545 2993 703 3074; x_wconf 77' lang='grc' dir='ltr'><strong><em>παρακοπά,</em></strong></span> <span class='ocrx_word' id='word_1_243' title='bbox 722 2991 926 3068; x_wconf 81' lang='grc' dir='ltr'><strong><em>πρωτοπήμων.</em></strong></span> <span class='ocrx_word' id='word_1_244' title='bbox 980 3023 999 3048; x_wconf 83' lang='grc' dir='ltr'><strong>υ</strong></span> <span class='ocrx_word' id='word_1_245' title='bbox 1011 3041 1028 3050; x_wconf 91' lang='grc'><strong>-</strong></span> <span class='ocrx_word' id='word_1_246' title='bbox 1040 3021 1059 3049; x_wconf 77' lang='grc' dir='ltr'><strong>υ</strong></span> <span class='ocrx_word' id='word_1_247' title='bbox 1071 3009 1089 3049; x_wconf 75' lang='lat' dir='ltr'><strong>c</strong></span> <span class='ocrx_word' id='word_1_248' title='bbox 1099 3022 1118 3050; x_wconf 81' lang='grc' dir='ltr'><strong>υ</strong></span> <span class='ocrx_word' id='word_1_249' title='bbox 1129 3023 1148 3049; x_wconf 83' lang='grc' dir='ltr'><strong>υ</strong></span> <span class='ocrx_word' id='word_1_250' title='bbox 1161 3029 1195 3050; x_wconf 50' lang='lat' dir='ltr'><strong>a.</strong></span> <span class='ocrx_word' id='word_1_251' title='bbox 1207 3042 1225 3050; x_wconf 89' lang='lat'><strong>-</strong></span> <span class='ocrx_word' id='word_1_252' title='bbox 1237 3023 1256 3049; x_wconf 80' lang='grc' dir='ltr'><strong>υ</strong></span> <span class='ocrx_word' id='word_1_253' title='bbox 1268 3029 1302 3048; x_wconf 78' lang='lat' dir='ltr'><strong>i.-</strong></span> <span class='ocrx_word' id='word_1_254' title='bbox 1316 3041 1333 3050; x_wconf 87' lang='lat'><strong>-</strong></span> 
     </span>
     <span class='ocr_line' id='line_1_32' title="bbox 413 3068 1195 3149; baseline -0.003 -17"><span class='ocrx_word' id='word_1_255' title='bbox 413 3068 830 3149; x_wconf 67' lang='lat' dir='ltr'><strong>d&#39;aiud&#39;odvtotqpyavd-</strong></span> <span class='ocrx_word' id='word_1_256' title='bbox 980 3102 1195 3132; x_wconf 58' lang='grc' dir='ltr'><strong>υε.-υ.υ-</strong></span> 
     </span>
    </p>

    <p class='ocr_par' dir='ltr' id='par_1_6' title="bbox 414 3157 1205 3231">
     <span class='ocr_line' id='line_1_33' title="bbox 414 3157 1205 3231; baseline 0.001 -20"><span class='ocrx_word' id='word_1_257' title='bbox 414 3161 480 3212; x_wconf 90' lang='grc' dir='ltr'><strong><em>σθαι</em></strong></span> <span class='ocrx_word' id='word_1_258' title='bbox 498 3157 646 3231; x_wconf 77' lang='grc' dir='ltr'><strong><em>θυγατρός,</em></strong></span> <span class='ocrx_word' id='word_1_259' title='bbox 665 3157 858 3227; x_wconf 85' lang='grc' dir='ltr'><strong><em>γυναικοποίν-</em></strong></span> <span class='ocrx_word' id='word_1_260' title='bbox 980 3203 996 3210; x_wconf 92' lang='grc'><strong><em>-</em></strong></span> <span class='ocrx_word' id='word_1_261' title='bbox 1008 3182 1057 3209; x_wconf 73' lang='lat' dir='ltr'><strong>uo</strong></span> <span class='ocrx_word' id='word_1_262' title='bbox 1069 3203 1085 3211; x_wconf 86' lang='lat'><strong>-</strong></span> <span class='ocrx_word' id='word_1_263' title='bbox 1098 3184 1117 3209; x_wconf 82' lang='grc' dir='ltr'><strong>υ</strong></span> <span class='ocrx_word' id='word_1_264' title='bbox 1129 3157 1146 3211; x_wconf 65' lang='grc'><strong>“.</strong></span> <span class='ocrx_word' id='word_1_265' title='bbox 1158 3184 1176 3210; x_wconf 82' lang='grc' dir='ltr'><strong>υ</strong></span> <span class='ocrx_word' id='word_1_266' title='bbox 1190 3204 1205 3212; x_wconf 91' lang='grc'><strong>-</strong></span> 
     </span>
    </p>
   </div>
   <div class='ocr_carea' id='block_1_5' title="bbox 412 3233 1355 3390">
    <p class='ocr_par' dir='ltr' id='par_1_7' title="bbox 412 3233 1355 3390">
     <span class='ocr_line' id='line_1_34' title="bbox 413 3233 1184 3309; baseline -0.001 -19"><span class='ocrx_word' id='word_1_267' title='bbox 413 3257 455 3291; x_wconf 92' lang='grc' dir='ltr'><strong>ων</strong></span> <span class='ocrx_word' id='word_1_268' title='bbox 471 3237 602 3305; x_wconf 87' lang='grc' dir='ltr'><strong><em>πολέμων</em></strong></span> <span class='ocrx_word' id='word_1_269' title='bbox 620 3233 734 3309; x_wconf 83' lang='grc' dir='ltr'><strong><em>ἀρωγάν</em></strong></span> <span class='ocrx_word' id='word_1_270' title='bbox 981 3242 1029 3292; x_wconf 68' lang='lat'><strong>-.0</strong></span> <span class='ocrx_word' id='word_1_271' title='bbox 1041 3263 1059 3289; x_wconf 79' lang='grc' dir='ltr'><strong>υ</strong></span> <span class='ocrx_word' id='word_1_272' title='bbox 1071 3283 1088 3290; x_wconf 92' lang='grc'><strong>-</strong></span> <span class='ocrx_word' id='word_1_273' title='bbox 1100 3263 1119 3290; x_wconf 80' lang='grc' dir='ltr'><strong>υ</strong></span> <span class='ocrx_word' id='word_1_274' title='bbox 1130 3283 1147 3292; x_wconf 74' lang='grc'><em>,</em></span> <span class='ocrx_word' id='word_1_275' title='bbox 1160 3243 1184 3290; x_wconf 73' lang='lat'><strong>0&#39;</strong></span> 
     </span>
     <span class='ocr_line' id='line_1_35' title="bbox 412 3317 1355 3390; baseline -0.001 -19"><span class='ocrx_word' id='word_1_276' title='bbox 412 3320 460 3372; x_wconf 85' lang='grc' dir='ltr'><strong>καί</strong></span> <span class='ocrx_word' id='word_1_277' title='bbox 478 3317 625 3390; x_wconf 83' lang='grc' dir='ltr'><strong><em>προτέλεια</em></strong></span> <span class='ocrx_word' id='word_1_278' title='bbox 643 3321 725 3372; x_wconf 84' lang='grc' dir='ltr'><strong><em>ναῶν.</em></strong></span> <span class='ocrx_word' id='word_1_279' title='bbox 981 3335 1185 3372; x_wconf 67' lang='grc' dir='ltr'><strong>.ου..ο.ῡΔ</strong></span> <span class='ocrx_word' id='word_1_280' title='bbox 1323 3319 1355 3371; x_wconf 88' lang='grc'><strong>10</strong></span> 
     </span>
    </p>
   </div>
   <div class='ocr_carea' id='block_1_6' title="bbox 325 3407 1355 3479">
    <p class='ocr_par' dir='ltr' id='par_1_8' title="bbox 325 3407 1355 3479">
     <span class='ocr_line' id='line_1_36' title="bbox 325 3407 1355 3479; baseline 0 -17"><span class='ocrx_word' id='word_1_281' title='bbox 325 3409 390 3463; x_wconf 87' lang='grc' dir='ltr'><strong>Ηοο</strong></span> <span class='ocrx_word' id='word_1_282' title='bbox 419 3408 550 3479; x_wconf 83' lang='lat' dir='ltr'><strong>exemplo</strong></span> <span class='ocrx_word' id='word_1_283' title='bbox 574 3408 719 3464; x_wconf 89' lang='lat' dir='ltr'><strong>observari</strong></span> <span class='ocrx_word' id='word_1_284' title='bbox 747 3412 856 3478; x_wconf 90' lang='lat' dir='ltr'><strong>potest,</strong></span> <span class='ocrx_word' id='word_1_285' title='bbox 879 3424 1005 3474; x_wconf 88' lang='lat' dir='ltr'><strong>versum,</strong></span> <span class='ocrx_word' id='word_1_286' title='bbox 1034 3407 1083 3479; x_wconf 84' lang='lat' dir='ltr'><strong>qni</strong></span> <span class='ocrx_word' id='word_1_287' title='bbox 1107 3407 1244 3477; x_wconf 88' lang='lat' dir='ltr'><strong>Priapeus</strong></span> <span class='ocrx_word' id='word_1_288' title='bbox 1266 3407 1355 3462; x_wconf 90' lang='lat' dir='ltr'><strong>nomi-</strong></span> 
     </span>
    </p>
   </div>
   <div class='ocr_carea' id='block_1_7' title="bbox 236 3498 814 3568">
    <p class='ocr_par' dir='ltr' id='par_1_9' title="bbox 236 3498 814 3568">
     <span class='ocr_line' id='line_1_37' title="bbox 236 3498 814 3568; baseline -0.003 -18"><span class='ocrx_word' id='word_1_289' title='bbox 236 3501 333 3552; x_wconf 81' lang='lat' dir='ltr'><strong>riatur:</strong></span> <span class='ocrx_word' id='word_1_290' title='bbox 353 3498 814 3568; x_wconf 76' lang='grc' dir='ltr'><strong>-υυ·-υ-υ-Ι-υυ.υ-ῦ</strong></span> 
     </span>
    </p>
   </div>
   <div class='ocr_carea' id='block_1_8' title="bbox 236 3589 1356 4374">
    <p class='ocr_par' dir='ltr' id='par_1_10' title="bbox 270 3589 814 3658">
     <span class='ocr_line' id='line_1_38' title="bbox 270 3589 814 3658; baseline -0.006 -17"><span class='ocrx_word' id='word_1_291' title='bbox 270 3593 333 3641; x_wconf 68' lang='lat' dir='ltr'><strong>alli:</strong></span> <span class='ocrx_word' id='word_1_292' title='bbox 352 3611 580 3642; x_wconf 79' lang='grc' dir='ltr'><strong>..υ-υυ-υ..</strong></span> <span class='ocrx_word' id='word_1_293' title='bbox 597 3589 600 3658; x_wconf 63' lang='lat' dir='ltr'><strong>l</strong></span> <span class='ocrx_word' id='word_1_294' title='bbox 616 3602 814 3642; x_wconf 80' lang='grc' dir='ltr'>-υ..υυ..ῦ</span> 
     </span>
    </p>

    <p class='ocr_par' dir='ltr' id='par_1_11' title="bbox 236 3676 1356 4374">
     <span class='ocr_line' id='line_1_39' title="bbox 236 3676 1355 3747; baseline -0.001 -16"><span class='ocrx_word' id='word_1_295' title='bbox 236 3678 285 3747; x_wconf 92' lang='lat' dir='ltr'><strong>qui</strong></span> <span class='ocrx_word' id='word_1_296' title='bbox 304 3676 373 3730; x_wconf 92' lang='lat' dir='ltr'><strong>alibi</strong></span> <span class='ocrx_word' id='word_1_297' title='bbox 392 3677 537 3731; x_wconf 88' lang='lat' dir='ltr'><strong>lasciviam</strong></span> <span class='ocrx_word' id='word_1_298' title='bbox 557 3685 643 3747; x_wconf 88' lang='lat' dir='ltr'><strong>atque</strong></span> <span class='ocrx_word' id='word_1_299' title='bbox 662 3676 840 3730; x_wconf 88' lang='lat' dir='ltr'><strong>hilaritatem</strong></span> <span class='ocrx_word' id='word_1_300' title='bbox 862 3676 969 3746; x_wconf 90' lang='lat' dir='ltr'><strong>spirare</strong></span> <span class='ocrx_word' id='word_1_301' title='bbox 989 3676 1062 3729; x_wconf 91' lang='lat' dir='ltr'><strong>solet</strong></span> <span class='ocrx_word' id='word_1_302' title='bbox 1079 3691 1173 3746; x_wconf 84' lang='lat' dir='ltr'><strong>neque</strong></span> <span class='ocrx_word' id='word_1_303' title='bbox 1191 3692 1258 3730; x_wconf 88' lang='lat' dir='ltr'><strong>vero</strong></span> <span class='ocrx_word' id='word_1_304' title='bbox 1278 3693 1355 3730; x_wconf 87' lang='lat' dir='ltr'><strong>seve·</strong></span> 
     </span>
     <span class='ocr_line' id='line_1_40' title="bbox 236 3758 1356 3836; baseline -0.001 -16"><span class='ocrx_word' id='word_1_305' title='bbox 236 3766 315 3820; x_wconf 89' lang='lat' dir='ltr'><strong>ritati</strong></span> <span class='ocrx_word' id='word_1_306' title='bbox 334 3765 499 3836; x_wconf 84' lang='lat' dir='ltr'><strong>tragoediae</strong></span> <span class='ocrx_word' id='word_1_307' title='bbox 514 3767 666 3821; x_wconf 88' lang='lat' dir='ltr'><strong>convenire</strong></span> <span class='ocrx_word' id='word_1_308' title='bbox 679 3765 801 3835; x_wconf 90' lang='lat' dir='ltr'><strong>videtur,</strong></span> <span class='ocrx_word' id='word_1_309' title='bbox 820 3765 868 3819; x_wconf 89' lang='lat' dir='ltr'><strong>hic</strong></span> <span class='ocrx_word' id='word_1_310' title='bbox 886 3770 983 3819; x_wconf 89' lang='lat' dir='ltr'><strong>tamen</strong></span> <span class='ocrx_word' id='word_1_311' title='bbox 1004 3764 1097 3818; x_wconf 88' lang='lat' dir='ltr'><strong>locum</strong></span> <span class='ocrx_word' id='word_1_312' title='bbox 1116 3758 1198 3818; x_wconf 81' lang='lat' dir='ltr'><strong>suum</strong></span> <span class='ocrx_word' id='word_1_313' title='bbox 1217 3764 1356 3830; x_wconf 88' lang='lat' dir='ltr'><strong>obtinere,</strong></span> 
     </span>
     <span class='ocr_line' id='line_1_41' title="bbox 236 3853 1356 3926; baseline -0.002 -16"><span class='ocrx_word' id='word_1_314' title='bbox 236 3872 301 3910; x_wconf 93' lang='lat' dir='ltr'><strong>curn</strong></span> <span class='ocrx_word' id='word_1_315' title='bbox 320 3855 375 3911; x_wconf 91' lang='lat' dir='ltr'><strong>hoc</strong></span> <span class='ocrx_word' id='word_1_316' title='bbox 393 3856 515 3910; x_wconf 85' lang='lat' dir='ltr'><strong>maxime</strong></span> <span class='ocrx_word' id='word_1_317' title='bbox 534 3856 656 3922; x_wconf 88' lang='lat' dir='ltr'><strong>intersit,</strong></span> <span class='ocrx_word' id='word_1_318' title='bbox 676 3855 818 3926; x_wconf 93' lang='lat' dir='ltr'><strong>quomodo</strong></span> <span class='ocrx_word' id='word_1_319' title='bbox 831 3873 928 3910; x_wconf 86' lang='lat' dir='ltr'><strong>versus</strong></span> <span class='ocrx_word' id='word_1_320' title='bbox 946 3854 1056 3909; x_wconf 89' lang='lat' dir='ltr'><strong>recites.</strong></span> <span class='ocrx_word' id='word_1_321' title='bbox 1087 3853 1183 3908; x_wconf 88' lang='lat' dir='ltr'><strong>Etiam</strong></span> <span class='ocrx_word' id='word_1_322' title='bbox 1196 3854 1259 3907; x_wconf 85' lang='lat' dir='ltr'><strong>aliie</strong></span> <span class='ocrx_word' id='word_1_323' title='bbox 1272 3853 1356 3908; x_wconf 93' lang='lat' dir='ltr'><strong>huius</strong></span> 
     </span>
     <span class='ocr_line' id='line_1_42' title="bbox 237 3943 1356 4015; baseline -0.002 -17"><span class='ocrx_word' id='word_1_324' title='bbox 237 3945 351 4000; x_wconf 84' lang='lat' dir='ltr'><strong>fabulae</strong></span> <span class='ocrx_word' id='word_1_325' title='bbox 379 3945 503 4015; x_wconf 84' lang='lat' dir='ltr'><strong>strophis</strong></span> <span class='ocrx_word' id='word_1_326' title='bbox 528 3945 594 3999; x_wconf 86' lang='lat' dir='ltr'><strong>talis</strong></span> <span class='ocrx_word' id='word_1_327' title='bbox 623 3962 689 3999; x_wconf 89' lang='lat' dir='ltr'><strong>usus</strong></span> <span class='ocrx_word' id='word_1_328' title='bbox 712 3945 826 3999; x_wconf 90' lang='lat' dir='ltr'><strong>obviarn</strong></span> <span class='ocrx_word' id='word_1_329' title='bbox 850 3944 933 3998; x_wconf 86' lang='lat' dir='ltr'><strong>nobis</strong></span> <span class='ocrx_word' id='word_1_330' title='bbox 956 3943 1002 4012; x_wconf 88' lang='lat' dir='ltr'><strong>fit,</strong></span> <span class='ocrx_word' id='word_1_331' title='bbox 1026 3950 1059 3998; x_wconf 88' lang='lat' dir='ltr'><strong>ut</strong></span> <span class='ocrx_word' id='word_1_332' title='bbox 1077 3944 1114 3998; x_wconf 88' lang='lat' dir='ltr'><strong>V.</strong></span> <span class='ocrx_word' id='word_1_333' title='bbox 1134 3945 1186 3997; x_wconf 85' lang='lat'><strong>354</strong></span> <span class='ocrx_word' id='word_1_334' title='bbox 1209 3961 1269 4014; x_wconf 87' lang='lat' dir='ltr'><strong>sqq.</strong></span> <span class='ocrx_word' id='word_1_335' title='bbox 1293 3943 1356 4012; x_wconf 87' lang='lat' dir='ltr'><strong>(snb</strong></span> 
     </span>
     <span class='ocr_line' id='line_1_43' title="bbox 236 4023 1356 4105; baseline -0.003 -17"><span class='ocrx_word' id='word_1_336' title='bbox 236 4035 331 4104; x_wconf 84' lang='lat' dir='ltr'><strong>finem)</strong></span> <span class='ocrx_word' id='word_1_337' title='bbox 351 4034 403 4088; x_wconf 85' lang='lat'><strong>388</strong></span> <span class='ocrx_word' id='word_1_338' title='bbox 420 4052 490 4105; x_wconf 86' lang='lat' dir='ltr'><strong>sqq,</strong></span> <span class='ocrx_word' id='word_1_339' title='bbox 508 4035 561 4089; x_wconf 81' lang='lat'><strong>420</strong></span> <span class='ocrx_word' id='word_1_340' title='bbox 574 4051 634 4104; x_wconf 82' lang='lat' dir='ltr'><strong>sqq.</strong></span> <span class='ocrx_word' id='word_1_341' title='bbox 654 4050 747 4104; x_wconf 85' lang='lat' dir='ltr'><strong>neque</strong></span> <span class='ocrx_word' id='word_1_342' title='bbox 767 4033 916 4105; x_wconf 89' lang='lat' dir='ltr'><strong>quisquam</strong></span> <span class='ocrx_word' id='word_1_343' title='bbox 936 4031 1079 4086; x_wconf 83' lang='lat' dir='ltr'><strong>offendere</strong></span> <span class='ocrx_word' id='word_1_344' title='bbox 1096 4023 1277 4100; x_wconf 71' lang='lat' dir='ltr'><strong>debetcum</strong></span> <span class='ocrx_word' id='word_1_345' title='bbox 1296 4049 1356 4086; x_wconf 90' lang='lat' dir='ltr'><strong>ver-</strong></span> 
     </span>
     <span class='ocr_line' id='line_1_44' title="bbox 236 4112 1356 4195; baseline -0.004 -17"><span class='ocrx_word' id='word_1_346' title='bbox 236 4141 283 4178; x_wconf 89' lang='lat' dir='ltr'><strong>sus</strong></span> <span class='ocrx_word' id='word_1_347' title='bbox 300 4112 447 4195; x_wconf 76' lang='lat' dir='ltr'><strong>ingenium</strong></span> <span class='ocrx_word' id='word_1_348' title='bbox 466 4123 620 4178; x_wconf 85' lang='lat' dir='ltr'><strong>hilaritatis</strong></span> <span class='ocrx_word' id='word_1_349' title='bbox 639 4121 734 4178; x_wconf 89' lang='lat' dir='ltr'><strong>subito</strong></span> <span class='ocrx_word' id='word_1_350' title='bbox 748 4123 902 4194; x_wconf 86' lang='lat' dir='ltr'><strong>deponant,</strong></span> <span class='ocrx_word' id='word_1_351' title='bbox 921 4121 971 4176; x_wconf 91' lang='lat' dir='ltr'><strong>ubi</strong></span> <span class='ocrx_word' id='word_1_352' title='bbox 990 4122 1113 4192; x_wconf 90' lang='lat' dir='ltr'><strong>primum</strong></span> <span class='ocrx_word' id='word_1_353' title='bbox 1131 4121 1171 4175; x_wconf 90' lang='lat' dir='ltr'><strong>sic</strong></span> <span class='ocrx_word' id='word_1_354' title='bbox 1190 4115 1356 4186; x_wconf 86' lang='lat' dir='ltr'><strong>recitantur,</strong></span> 
     </span>
     <span class='ocr_line' id='line_1_45' title="bbox 236 4210 1355 4282; baseline -0.005 -14"><span class='ocrx_word' id='word_1_355' title='bbox 236 4220 269 4268; x_wconf 92' lang='lat' dir='ltr'><strong>ut</strong></span> <span class='ocrx_word' id='word_1_356' title='bbox 288 4231 336 4268; x_wconf 85' lang='lat' dir='ltr'><strong>eos</strong></span> <span class='ocrx_word' id='word_1_357' title='bbox 354 4213 445 4268; x_wconf 88' lang='lat' dir='ltr'><strong>decet.</strong></span> <span class='ocrx_word' id='word_1_358' title='bbox 482 4213 542 4268; x_wconf 89' lang='lat' dir='ltr'><strong>Nec</strong></span> <span class='ocrx_word' id='word_1_359' title='bbox 562 4212 703 4267; x_wconf 87' lang='lat' dir='ltr'><strong>Pindarus</strong></span> <span class='ocrx_word' id='word_1_360' title='bbox 722 4213 796 4268; x_wconf 91' lang='lat' dir='ltr'><strong>hanc</strong></span> <span class='ocrx_word' id='word_1_361' title='bbox 815 4229 947 4267; x_wconf 85' lang='lat' dir='ltr'><strong>versuum</strong></span> <span class='ocrx_word' id='word_1_362' title='bbox 967 4211 1200 4282; x_wconf 88' lang='lat' dir='ltr'><strong>compositionem</strong></span> <span class='ocrx_word' id='word_1_363' title='bbox 1219 4210 1355 4279; x_wconf 80' lang='lat' dir='ltr'><strong>neglexit,</strong></span> 
     </span>
     <span class='ocr_line' id='line_1_46' title="bbox 237 4302 1128 4374; baseline -0.003 -18"><span class='ocrx_word' id='word_1_364' title='bbox 237 4304 342 4374; x_wconf 91' lang='lat' dir='ltr'><strong>quippe</strong></span> <span class='ocrx_word' id='word_1_365' title='bbox 362 4303 442 4357; x_wconf 87' lang='lat' dir='ltr'><strong>cuius</strong></span> <span class='ocrx_word' id='word_1_366' title='bbox 460 4303 582 4373; x_wconf 86' lang='lat' dir='ltr'><strong>primum</strong></span> <span class='ocrx_word' id='word_1_367' title='bbox 602 4319 715 4358; x_wconf 90' lang='lat' dir='ltr'><strong>carmen</strong></span> <span class='ocrx_word' id='word_1_368' title='bbox 735 4303 917 4372; x_wconf 85' lang='lat' dir='ltr'><strong>Olympicum</strong></span> <span class='ocrx_word' id='word_1_369' title='bbox 936 4303 976 4355; x_wconf 83' lang='lat' dir='ltr'><strong>sic</strong></span> <span class='ocrx_word' id='word_1_370' title='bbox 995 4302 1128 4372; x_wconf 88' lang='lat' dir='ltr'><strong>incipiat:</strong></span> 
     </span>
    </p>
   </div>
   <div class='ocr_carea' id='block_1_9' title="bbox 0 0 1592 5060">
    <p class='ocr_par' dir='ltr' id='par_1_12' title="bbox 0 0 1592 5060">
     <span class='ocr_line' id='line_1_47' title="bbox 0 0 1592 5060; baseline 0 1"><span class='ocrx_word' id='word_1_371' title='bbox 0 0 1592 5060; x_wconf 95' lang='lat' dir='ltr'><strong> </strong></span> 
     </span>
    </p>
   </div>
  </div>
 </body>
</html>
