3176 5060
740 300 962 358 ,30--

290 473 432 542 cogitant,
455 472 497 525 ita
519 477 552 524 ut
575 471 687 525 initium
711 471 847 540 strophae
870 471 971 524 similis
994 471 1045 524 fiat
1065 471 1118 542 Ag.
1140 471 1203 525 1493
1233 465 1315 535 Ζεύς,
1339 457 1421 534 ὅστις

290 555 352 615 ποτ’
371 555 455 623 ἐστίν,
474 557 500 613 εἰ
516 549 573 615 τόδ’
591 554 627 612 αὖ
643 591 686 624 -,
705 559 755 613 sed
774 559 815 613 ibi
834 563 970 629 quattuor
988 559 1137 627 trochaici,
1155 565 1217 613 turn
1233 575 1329 612 versus
1348 557 1420 612 dac-

290 649 395 718 tylicus
419 649 579 718 iterumque
603 648 765 703 trochaicus
789 655 962 718 sequuntur,
985 648 1138 718 rhythmus
1161 648 1263 718 igitur,
1291 647 1340 716 qui
1363 663 1419 717 per

290 743 381 792 totam
405 737 553 807 stropham
576 742 672 802 sonat,
696 735 872 790 descendens
896 741 952 804 est,
977 736 1024 790 hic
1047 743 1145 790 autem
1168 743 1255 806 poeta
1278 742 1419 805 quattuor

290 826 427 880 iambicos
446 843 476 880 se
495 826 627 895 excipere
646 825 746 879 voluit.
766 820 819 896 γάρ
838 825 927 894 igitur
945 824 1106 878 tollendum
1126 827 1200 893 est.¹)

380 917 465 971 Pers.
485 915 552 971 5473
572 909 629 983 γαῖ’
648 907 717 977 Ἀοὶς
734 909 930 980 ἐκκενουμένα.
967 913 1128 968 Dimctrum
1147 913 1301 967 iambicum
1319 913 1417 967 Blom·

290 1004 404 1059 fieldius
422 1004 557 1071 restituit,
577 1003 626 1073 qui
645 1019 697 1072 pro
716 995 802 1066 Ἄοιάς
820 1002 940 1056 formam
960 996 1053 1072 aare)
1073 1002 1197 1069 induxit,
1217 1018 1289 1072 quae
1303 1001 1417 1056 coniec-

291 1099 356 1147 tura
375 1092 581 1162 Dindorfiumfl)
605 1093 747 1145 fautorem
772 1092 891 1170 invenit.
910 1113 946 1142 ω
965 1093 1032 1148 5573
1057 1085 1209 1162 ὁμόπτεροι
1232 1087 1417 1156 κυανώπιδες,

290 1182 340 1237 ubi
359 1182 532 1236 Brunclrium
558 1187 673 1236 secutus
696 1178 724 1234 oi
744 1175 768 1234 δ’
787 1198 824 1235 ex
846 1187 931 1235 textu
953 1181 1154 1250 relegaverim;
1177 1181 1208 1234 in
1232 1162 1416 1249 κυανώπιδες,

291 1271 367 1341 quod
390 1288 441 1342 per
464 1272 605 1341 synizesin
628 1270 781 1342 legendum
801 1276 858 1339 est,
880 1271 962 1324 nulla
980 1271 1098 1324 offensio
1122 1270 1209 1335 inest,
1237 1251 1324 1340 quare
1342 1270 1416 1323 Din-

290 1359 401 1430 dorfii⁴)
414 1365 464 1413 νῦν
477 1359 507 1414 δὲ
520 1357 693 1424 κυανώπιδες
705 1358 882 1414 reiciendum
895 1360 1017 1414 videtur.
1032 1391 1064 1398 -
1079 1358 1258 1430 Quamquam
1273 1358 1415 1428 exempla,

291 1449 394 1520 quibus
412 1445 587 1513 κυανώπιδες
604 1449 751 1519 probatur,
771 1465 829 1502 non
848 1449 977 1518 invenie)

379 1521 468 1595 Pers.
485 1539 552 1594 5483
577 1537 682 1608 Ξέρξης
699 1535 752 1603 μέν
771 1527 884 1607 ἄγαγεν,
908 1543 1003 1592 ποποῖ.
1041 1537 1097 1591 Hic
1117 1553 1231 1607 quoque
1250 1532 1313 1608 γάρ,
1337 1535 1416 1606 quod

290 1635 355 1698 post
373 1627 425 1695 μέν
443 1629 538 1683 locum
557 1628 717 1697 occupavit,
736 1627 797 1682 iure
817 1643 834 1680 a
854 1628 981 1681 Porsono
1001 1627 1152 1698 expulsum
1172 1633 1222 1680 est.
1242 1648 1278 1678 ω
1296 1628 1359 1682 558.

379 1720 464 1774 Pers.
484 1719 551 1774 5493
572 1713 677 1786 Ξέρξης
695 1711 719 1769 δ’
739 1712 892 1780 ἀπώλεσεν,
911 1724 993 1770 τοτοῖ
1006 1738 1042 1768 ω
1054 1718 1121 1772 5593
1141 1721 1206 1780 νᾶες
1218 1709 1243 1769 δ’
1257 1711 1414 1780 ἀπώλεσαν,

290 1815 374 1862 τοτοῖ.
414 1807 555 1861 Observes
573 1807 786 1876 responsionem
806 1806 976 1875 elegantem,
1001 1823 1074 1876 quae
1094 1811 1123 1860 et
1141 1807 1171 1859 in
1184 1822 1317 1860 versuum
1336 1806 1413 1860 etin

290 1895 441 1950 verborum
460 1895 575 1949 delectu
594 1895 744 1965 apparent)

378 1986 463 2041 Pera.
483 1987 564 2042 1639.
601 1987 656 2052 Ag.
675 1987 761 2041 11173
784 1985 832 2037 καὶ
855 1990 920 2047 παῖς
942 1978 1057 2053 νεογνὸς
1075 1974 1110 2037 dv
1127 1980 1224 2052 μάθοι.
1262 1983 1414 2038 Librorum

289 2068 403 2142 νεογνὸς
426 2069 585 2145 ἀνθρώπων
607 2072 695 2142 μάθοι
718 2075 902 2128 Hermauuus
925 2075 955 2126 in
979 2075 1025 2127 καὶ
1044 2091 1072 2127 π.
1097 2070 1229 2143 νεόγονος
1248 2066 1282 2126 ἄν
1300 2092 1329 2140 μ.
1353 2090 1415 2128 cor-

290 2164 377 2231 rexit,
402 2181 455 2232 ego
479 2171 574 2218 autem
598 2181 696 2220 severa
720 2164 903 2234 responsione
927 2162 1060 2233 neglecta
1083 2159 1197 2231 νεογνός
1219 2162 1415 2233 praetulerim.

226 2239 228 2242 ¹
289 2251 354 2305 Hoc
373 2258 482 2306 certum
502 2258 553 2320 est,
572 2251 728 2306 desiderari
746 2252 899 2306 dimetrum
918 2251 1080 2319 iambicum,
1101 2251 1214 2321 qualem
1233 2251 1415 2321 antistropha

290 2340 428 2394 ostendit:
454 2342 539 2398 11283
562 2343 609 2394 καὶ
632 2341 673 2404 τίς
696 2357 726 2394 σε
750 2345 938 2410 κακοφρονῶν
959 2341 1040 2412 τίθη)
1061 2343 1123 2410 (σι),
1146 2339 1196 2394 ubi
1220 2340 1257 2394 ab
1281 2340 1415 2394 omnibus

290 2430 447 2485 editoribus
471 2437 500 2484 et
519 2431 644 2485 metricis
667 2429 776 2484 iambos
799 2437 934 2501 acceptos
952 2429 1075 2500 11111107),
1099 2436 1312 2500 praeterquam,
1336 2430 1415 2502 quod

290 2520 410 2574 Weilius
429 2538 465 2574 ex
484 2520 691 2590 antistrophico
705 2535 788 2574 versu
802 2520 927 2590 collegit,
947 2519 1067 2573 alteram
1081 2536 1178 2573 versus
1197 2525 1307 2589 partem
1326 2519 1413 2572 fuisse

289 2608 466 2661 dochmium:
494 2613 681 2679 κακοφρονῶν
709 2608 784 2675 τίθη·
816 2607 873 2662 Sed
901 2609 948 2661 hic
976 2625 1073 2662 versus
1101 2606 1252 2660 iambicam
1280 2614 1413 2661 naturam

289 2702 388 2766 aperte
408 2713 475 2766 prae
495 2713 524 2750 se
544 2697 607 2762 fert,
627 2702 660 2750 ut
679 2696 714 2751 de
734 2702 825 2750 metro
843 2697 941 2750 nullus
960 2703 1048 2751 restet
1067 2696 1224 2766 scrupulus.

378 2788 464 2841 Eum.
479 2786 655 2840 380m388.
692 2786 775 2854 Sept.
796 2787 862 2841 7193
882 2787 928 2839 καὶ
947 2782 1013 2854 γαΐα
1031 2781 1109 2848 κόνις
1127 2786 1184 2854 πίῃ.
1221 2784 1308 2840 Metti
1326 2801 1414 2840 eausa

289 2892 341 2945 pro
360 2874 466 2929 tradito
485 2875 587 2943 χθονία
605 2875 784 2928 Hermannus
803 2870 869 2943 γαΐα
887 2875 1008 2943 recepit,
1033 2891 1111 2939 nam,
1136 2881 1169 2928 ut
1187 2893 1212 2929 v.
1234 2876 1300 2930 7273
1325 2871 1413 2926 αἰῶνα

289 2957 314 3016 δ’
333 2959 362 3026 ἐς
380 2965 473 3035 τρίτον
491 2961 576 3031 μένει,
596 2969 625 3018 et
644 2981 741 3017 versus
760 2968 911 3032 sequentes
930 2962 1043 3031 docent,
1063 2963 1184 3016 dimetro
1203 2961 1335 3028 iambico,
1354 2979 1413 3016 non

289 3052 429 3121 glyconeo
439 3078 644 3106 ........
657 3051 872 3122 suffragandum
882 3058 932 3106 est.
952 3051 1053 3122 Neque
1063 3052 1110 3106 hic
1120 3069 1184 3106 cum
1193 3050 1412 3104 Wilamouu'tzio

290 3142 393 3195 faciam
400 3143 430 3212 ⁸),
450 3143 499 3212 qui
517 3143 547 3196 in
567 3142 747 3211 antistropha
766 3144 966 3210 παλαιγενῆ-
980 3159 1070 3211 nsque
1090 3141 1127 3194 ad
1145 3137 1255 3194 ώκύποι
1268 3140 1270 3212 )
1282 3147 1345 3193 tum
1363 3158 1414 3193 νον

289 3227 378 3284 αἰῶνα
390 3265 425 3272 -
433 3248 524 3301 usque
534 3230 572 3284 ad
582 3227 669 3294 Λάϊος
681 3231 760 3301 legit,
774 3247 862 3300 quare
873 3247 970 3285 omnes
983 3231 1134 3284 incisiones
1147 3230 1262 3284 silentio
1275 3229 1413 3299 praeterit

288 3337 341 3374 nec
359 3338 451 3375 moras
464 3322 577 3387 retinet,
597 3337 670 3391 quae
684 3338 699 3374 e
712 3337 845 3374 versuum
857 3320 1059 3374 distributione
1073 3320 1160 3390 vulgo
1173 3320 1251 3373 facta
1263 3326 1412 3389 apparent.

378 3410 460 3479 Sept.
488 3411 556 3466 9463
584 3403 663 3471 έντὸς
691 3407 721 3462 δὲ
749 3409 849 3479 καρδία
872 3406 961 3463 στένει
980 3431 1015 3460 ω
1034 3409 1101 3464 9623
1130 3401 1244 3474 ἐδείξατ’
1267 3402 1300 3460 έκ
1323 3411 1414 3476 φυγᾶς

288 3493 358 3564 έμοί.
396 3499 430 3551 In
449 3506 571 3568 utroque
590 3515 674 3552 versu
692 3504 752 3551 tarn
776 3498 852 3552 clare
876 3497 1029 3551 iambicum
1053 3498 1200 3567 ingenium
1224 3497 1355 3566 effulget,
1379 3504 1412 3550 ut
1513 3493 1516 3498 ’

289 3587 422 3655 nesciam,
442 3604 498 3656 qua
517 3586 552 3639 de
572 3603 657 3640 causa
675 3586 797 3640 Weilius
816 3586 959 3640 trochaeis
978 3587 1068 3655 magis
1087 3586 1198 3651 faverit,
1218 3584 1357 3639 scribens:
1382 3580 1413 3637 έν

289 3673 320 3729 δὲ
337 3676 436 3746 καρδία
455 3672 544 3729 στένει
562 3697 598 3726 ω
616 3669 666 3730 τὸν
684 3669 708 3729 δ’
727 3670 831 3739 ἐδέξατ’
850 3671 882 3728 έκ
901 3677 998 3744 φυγᾶς.

380 3827 590 3896 1)Ι)111110111111
617 3828 704 3896 (asch.
732 3827 866 3897 Chorges.
895 3844 959 3897 pag.
986 3827 1029 3896 16)
1053 3822 1086 3892 δή
1109 3827 1233 3880 sustulit.
1263 3861 1297 3866 —-
1325 3827 1352 3893 2)
1375 3826 1410 3879 cf.

288 3926 313 3961 v.
328 3908 381 3962 268
394 3913 423 3961 et
437 3909 497 3960 754.
511 3941 546 3947 —
566 3908 592 3977 3)
605 3908 681 3961 asch.
695 3907 830 3977 Ohorges.
844 3925 909 3978 pag.
926 3908 966 3960 17.
986 3938 1020 3946 -
1039 3909 1066 3974 4)
1085 3907 1102 3959 l.
1117 3907 1135 3961 l.
1148 3923 1214 3976 pag.
1227 3907 1271 3961 20.
1285 3937 1318 3945 -
1334 3908 1361 3975 5)
1374 3905 1410 3961 cf.

288 3987 444 4042 Ohristium
467 3988 497 4040 in
516 3987 600 4041 Matr,
623 4005 688 4058 pag.
708 3989 742 4041 30
766 3987 828 4057 (ubi
851 4005 902 4056 pro
924 3987 1033 4057 „Sept.“
1061 3987 1139 4056 legas
1162 3987 1273 4055 ,Pers“)
1298 3987 1347 4056 qui
1370 3985 1411 4039 ibi

288 4068 409 4121 Luciaui
428 4067 603 4137 epigramma
623 4069 655 4121 39
674 4066 805 4122 laudavit
824 4068 864 4134 (in
883 4072 1004 4136 utraque
1025 4066 1161 4134 editione)
1181 4065 1257 4136 qnod
1277 4083 1330 4136 ego
1350 4067 1410 4136 qui-

288 4148 354 4202 dem
372 4147 506 4217 detegere
525 4165 583 4202 non
601 4149 691 4218 potui,
716 4165 889 4218 quamquam
908 4147 958 4200 diu
976 4148 1092 4217 lateque
1112 4147 1247 4216 quaesivi.
1272 4177 1304 4185 -
1329 4148 1356 4216 6)
1375 4145 1410 4200 de

288 4245 345 4298 qua
364 4245 394 4281 re
418 4229 529 4281 monuit
547 4228 685 4283 Jacobius
708 4229 738 4281 in
764 4228 815 4296 „de
835 4227 946 4297 aequal.
971 4226 1078 4296 stroph.
1103 4231 1132 4280 et
1155 4227 1265 4280 antistr.
1285 4243 1410 4294 respons.

287 4307 443 4363 conform.“
456 4324 520 4378 pag.
532 4308 574 4361 47.
589 4340 622 4346 -
643 4309 668 4376 7)
688 4308 723 4361 cf.
738 4306 898 4361 Seidlerum
911 4306 929 4359 l.
943 4306 961 4359 l.
976 4321 1041 4376 pag.
1054 4306 1113 4362 126.
1129 4337 1161 4344 -
1181 4306 1206 4374 8)
1227 4305 1244 4360 l.
1258 4305 1276 4358 l.
1288 4323 1354 4376 pag.
1366 4307 1409 4359 26.
