3176 5060
650 273 894 332 -105-

232 443 270 496 in
289 442 571 512 quaestionibus,
592 443 718 514 quibus
737 443 925 499 admiratio
944 444 999 502 vel
1018 446 1070 499 ira
1088 447 1308 516 exprimitur.

208 579 244 585 --
301 551 405 617 egam.
424 550 511 605 10403
530 539 548 602 ά
567 555 620 603 ποῖ
634 544 697 603 ποτ’
717 540 819 619 ἤγαγές
835 566 887 618 με,·
905 545 976 622 πρὸς
993 552 1077 605 ποίαν
1097 550 1213 622 criptae,-

301 641 355 706 Ag.
374 639 461 694 10733
480 639 564 693 ποίαν
582 632 689 710 Ἐρινὺν
707 635 789 708 τὴνδε
807 637 933 707 δώμασιν
950 639 1033 710 xiim

301 730 355 795 Ag.
374 728 461 784 10023
481 735 533 782 ποῖ
548 724 581 796 δή
600 745 637 795 με
656 731 739 798 δεῦρο
757 725 807 796 τὴν
825 725 958 783 τάλαιναν
976 719 1077 799 ἤγαγες
1083 750 1094 794 ;

301 815 383 886 Sept.
403 817 471 873 2873
490 823 573 871 ποῖον
592 812 616 870 δ’
635 810 792 886 ἀμείψεσθε
809 818 890 887 γαίας
908 817 1012 883 πέδον,·

301 905 388 961 Pera.
407 906 475 961 0803
500 909 560 969 πῶς
579 899 603 958 δ’
622 895 673 969 οά,·
695 899 815 978 στρατὸν
832 905 884 973 μὲν
903 909 1039 962 τοσοῦτον
1061 906 1146 971 τάλας
1168 906 1336 977 πέπληγμαι.

618 1048 652 1100 in
671 1047 933 1117 negationibus.

301 1154 402 1210 Prom.
421 1153 489 1209 0873
508 1147 653 1209 οὐπώποτ’
672 1149 817 1210 οὐπώποτ’
837 1145 943 1224 ηὔχουν
961 1155 1064 1226 ξένους.

300 1232 1030 1302 mmmfflmmmmmm

300 1333 355 1399 ng.
374 1332 460 1386 10843
479 1326 514 1385 οὐ
532 1327 704 1399 κομπάσαιμ’
724 1324 759 1385 άν
777 1329 928 1400 θεσφάτων
946 1333 1067 1403 γνώμων
1085 1324 1180 1405 άκρος.

301 1423 357 1487 dg.
376 1421 461 1476 10033
481 1413 564 1475 οὐδέν
581 1415 645 1475 ποτ’
663 1419 691 1475 εἰ
706 1416 745 1489 μὴ
762 1421 995 1491 ξυνθανουμένην.
1014 1423 1042 1476 τί
1058 1419 1113 1495 γάρ
1120 1445 1132 1488 ,-

302 1509 409 1579 Suppl.
429 1510 497 1565 7213
516 1504 551 1563 οδ
570 1503 609 1577 μὴ
627 1510 750 1581 τριαίνας
767 1506 851 1564 τάσδε
869 1513 916 1564 καὶ
934 1514 1010 1566 θεῶν
1029 1510 1104 1583 σέβη.

454 1652 489 1705 in
507 1651 791 1708 allocutionibus
810 1656 941 1709 severis
961 1672 998 1710 ac
1017 1657 1093 1726 piis.

302 1837 831 1934 mmmssmfflmm

302 1937 386 2007 Sept.
406 1939 473 1994 104:
493 1937 517 1990 ον’
534 1934 712 2009 χρυσοπήληξ
729 1941 837 2006 δαῖμον,
857 1931 928 1993 ἔπιδ’
947 1931 1025 1993 ἔπιδε
1042 1936 1134 1994 πόλιν.

556 2081 590 2134 in
609 2080 827 2136 allocutione
846 2082 999 2136 irritata.

304 2186 357 2244 ch.
375 2187 443 2242 4183
463 2184 605 2262 πάντολμε
623 2191 718 2258 μῆτερ,
738 2186 826 2252 δαΐαις
844 2183 875 2242 ἐν
893 2185 1033 2260 ἐκφοραῖς.

505 2328 644 2398 longum
664 2330 816 2398 spatium
836 2331 1054 2400 exprimitur.

689 2438 716 2505 a)
735 2435 770 2489 de
788 2436 868 2490 locis.

304 2526 391 2581 Pers.
410 2525 478 2581 547:
498 2520 553 2594 ναΐ
573 2518 640 2588 licie
658 2521 852 2593 ἐκκενουμένα.

656 2650 686 2719 b)
706 2649 740 2703 de
760 2656 896 2720 tempore.

305 2739 388 2808 Sept.
408 2739 476 2796 7273
495 2737 584 2793 αἰῶνα
603 2734 628 2792 δ’
647 2736 677 2804 ἐς
693 2740 787 2811 τρίτον
804 2736 890 2806 μένει.

305 2829 390 2884 Pers.
409 2829 477 2885 2013
497 2815 513 2895 ἦ
530 2829 718 2900 μακροβίοτος
737 2815 786 2884 llos
803 2827 835 2899 γὲ
854 2846 903 2892 τις.

305 2919 391 2976 Pers·
411 2919 479 2974 2023
499 2911 569 2972 ulcio
587 2914 696 2987 ἐφάνθη
715 2926 845 2990 γεραιοῖς,
864 2915 948 2972 exod.

305 3008 391 3063 Peru.
411 3008 479 3065 0833
498 3002 681 3078 πεπλήγμεθ’.
702 3000 758 3062 οἶαι
777 3002 812 3062 δι’
831 3006 933 3071 αἰῶνος
950 3003 1041 3076 τύχαι.

306 3098 408 3164 dgam.
428 3098 513 3152 11023
532 3099 596 3150 decl
615 3095 721 3166 γλυκύν
739 3091 764 3151 τ’
783 3094 871 3151 αἰῶνα
888 3093 1056 3163 κλαυμάτων
1074 3084 1149 3164 άτερ.

685 3471 806 3574 caput
835 3473 875 3553 V.
966 3457 968 3462 ’

280 3622 499 3722 Quomodo
530 3623 778 3745 Aeschylus
810 3625 916 3862 iope
949 3650 1061 3741 quac
1093 3623 1280 3721 vocatur

671 3795 780 3863 usus
813 3794 883 3863 si.

308 3923 365 3977 Hic
378 3939 492 3994 quoque
507 3922 650 3993 conducit,
670 3925 809 3995 exemplis
827 3924 857 3976 in
875 3923 1033 3994 categorias
1051 3921 1175 3977 redactis
1188 3922 1245 3976 vim
1257 3923 1340 3985 τονῐς

219 4008 256 4063 ad
279 4010 377 4064 oculos
404 4010 609 4067 demonstrare.
651 4011 752 4082 Neque
779 4011 929 4081 quisquam
952 4010 1145 4080 exspectabit,
1173 4025 1217 4064 me
1246 4008 1342 4064 omnia

220 4099 353 4169 exempla
370 4105 602 4155 enumeraturum
622 4116 692 4167 esse,
712 4117 777 4155 cum
795 4100 850 4154 hoc
869 4116 938 4155 sane
956 4115 1199 4170 supervacaneum
1218 4099 1255 4154 sit
1261 4119 1269 4163 ;
1293 4097 1345 4153 eli·

219 4203 286 4258 gam
304 4187 399 4258 potius
418 4203 466 4254 ea,
489 4187 593 4259 quibus
616 4195 720 4243 natura
744 4194 831 4259 atque
854 4187 965 4244 indoles
983 4190 1066 4256 τονῆς
1082 4188 1170 4259 plane
1193 4192 1345 4258 apparent,

220 4281 271 4332 aut
294 4292 329 4332 ea
351 4275 452 4346 verba,
476 4293 549 4347 quae
572 4279 687 4349 saepius
711 4280 779 4346 τονῇ
802 4285 903 4333 ornata
927 4283 1088 4333 occurrunt.
1126 4277 1242 4332 Summa
1265 4275 1342 4331 enim
