3176 5060
643 333 866 390 „25-

282 505 387 575 Suppl.
406 505 457 559 1173
480 497 582 574 γοεδνὰ
600 499 625 557 δ’
644 496 829 570 ἀνθεμίζομαι
847 524 883 553 ω
902 502 951 559 743
973 496 1077 556 πέλοιτ’
1091 492 1131 574 'dv
1149 493 1253 556 ένόικοι
1270 498 1318 571 γά-

190 613 268 663 μοις,
293 593 342 648 ubi
360 594 544 648 Hermannus
563 593 683 647 fortasse
703 598 780 646 recte
799 588 898 659 νόμοις
919 592 1042 646 coniecit
1061 591 1125 646 coll.
1146 589 1248 644 schol:
1271 586 1318 645 ἐπὶ

191 690 252 748 τοῖς
269 679 477 750 νενομισμένοις
495 682 542 734 καὶ
561 677 674 747 δόξασιν
693 673 765 747 ἡμῖν.

282 771 388 840 Suppl.
413 771 481 826 lucr
511 768 662 837 ἰηλέμοισιν
684 764 813 841 ἐμπρεπῆ
841 769 876 823 de
905 786 961 839 quo
985 785 1069 823 versu
1090 784 1107 821 a
1128 767 1317 839 praecedente

189 861 391 915 interiectione
411 857 570 929 separando
589 858 646 912 iam
664 874 730 929 pag.
751 860 765 912 7
786 859 904 928 egimus.
923 880 958 908 ω
980 859 1042 913 115.

282 949 387 1019 Suppl.
407 949 459 1003 122
479 969 515 1000 ω
533 949 596 1003 132.
633 947 700 1001 Mea
719 947 834 1018 quidem
853 947 997 1001 sententia
1016 947 1104 1000 etiam

282 1038 388 1107 Suppl.
412 1038 465 1093 124
489 1037 519 1090 in
543 1036 729 1090 dimetrorum
753 1036 882 1091 ordinem
905 1035 1073 1090 referendus
1096 1034 1224 1102 videtur,
1252 1051 1318 1088 nam

190 1126 243 1182 ubi
262 1128 385 1198 primum
403 1126 538 1196 strophae
558 1125 671 1180 initium
690 1125 825 1196 legimus,
849 1142 917 1178 sane
942 1124 1058 1178 iambici
1077 1123 1203 1189 dimetri,
1228 1124 1318 1178 multo

191 1216 296 1286 magis,
324 1233 410 1286 quarn
432 1232 565 1268 versuum
594 1214 715 1268 aliorum
741 1215 862 1280 formae,
891 1218 1103 1284 exspectantur.
1145 1213 1203 1267 Hos
1231 1213 1319 1283 igitur

190 1322 289 1359 versus
313 1320 377 1358 cum
402 1303 576 1358 Oberdickio
600 1308 737 1356 statuam:
762 1296 913 1372 ἀχείματόν
932 1296 960 1368 μ’
980 1294 1088 1368 ἔπεμπε
1110 1298 1161 1355 σόν
1178 1302 1181 1372 l
1196 1324 1232 1353 ω
1251 1303 1318 1358 1343

192 1387 295 1463 ἔχουσα
314 1385 390 1460 σέμν’
409 1386 506 1446 ἐνώπι’
525 1383 606 1464 idol,
630 1391 680 1445 ubi
699 1391 777 1445 haud
796 1391 855 1445 scio
879 1379 915 1444 an
941 1408 993 1461 pro
1017 1391 1174 1460 depravato
1198 1385 1320 1457 ἀσφαλές

191 1501 257 1537 curn
280 1483 447 1536 Hermanno
471 1498 575 1535 nornen
598 1481 681 1535 deae:
704 1471 826 1550 Ἄρτεμις
849 1480 1058 1536 restituendum
1081 1481 1127 1534 sit.
1168 1479 1318 1544 Quomodo

191 1589 290 1626 versus
308 1577 460 1642 sequentes
479 1570 617 1626 metiendi
641 1571 711 1639 sint,
735 1577 797 1624 tum
816 1570 990 1639 videbimus,
1013 1569 1064 1624 ubi
1086 1587 1318 1640 unumquemque

191 1659 411 1728 tractabimus¹l

281 1749 389 1820 Suppl.
402 1751 472 1806 5733
485 1747 584 1819 γένους
596 1746 781 1819 παλαιόφρων
790 1747 887 1818 μέγας,
901 1766 937 1802 cx
950 1766 1006 1820 quo
1017 1766 1101 1802 versu
1110 1748 1319 1818 Bambe-rgerus

197 1839 313 1893 verbum
332 1836 430 1907 γένους
449 1839 639 1909 deprompsit,
663 1844 696 1893 ut
715 1837 947 1906 antecedentem,
971 1855 1027 1908 quo
1047 1837 1158 1891 iambus
1177 1837 1318 1891 desidera-

195 1927 286 1996 batur,
305 1927 483 1998 suppleretfl)
501 1948 537 1978 ω
556 1928 623 1982 5733
643 1921 758 1996 πάρεστι
777 1920 802 1980 δ’
821 1919 904 1997 ἔργον
923 1919 962 1988 τός
980 1918 1056 1988 έπος.

282 2016 389 2085 Suppl.
410 2016 477 2071 74113
497 2014 609 2083 νέφεσσι
623 2020 757 2084 γειτονῶν
764 2011 845 2078 ’Διός,
863 2015 914 2068 ubi
933 2011 1046 2081 νέφεσσι
1065 2020 1182 2084 propter
1196 2020 1319 2068 metrum

193 2105 224 2159 in
242 2110 354 2160 textum
377 2103 572 2158 reducendum
591 2121 651 2158 esse
674 2105 731 2158 iam
751 2103 895 2157 Arnaldus
915 2103 995 2158 vidit.
1032 2103 1178 2157 Pickelius
1196 2105 1320 2173 autemss)

192 2193 316 2248 traditae
335 2193 453 2249 lectioni
472 2192 557 2247 fidem
577 2194 721 2263 praestitit
741 2199 770 2246 et
789 2193 829 2247 sic
848 2193 979 2246 metitur:

382 2281 468 2349 μέλας
486 2282 620 2351 γενοίμαν
637 2272 745 2347 κόπνος
760 2283 764 2351 Ι
781 2280 877 2349 νέφεσι
896 2285 1032 2350 γειτονῶν
1049 2279 1122 2346 Διός.

466 2388 683 2425 mma-u!
812 2372 1084 2440 Λύυυ-υ-υ1.ί

192 2459 264 2528 Sed,
287 2477 322 2514 ne
342 2459 434 2514 dicam
454 2459 489 2514 de
509 2460 618 2514 infelici
642 2460 765 2524 ratione,
791 2459 931 2528 quamde
951 2475 1075 2528 syncope
1095 2458 1265 2527 adhibuiu),
1289 2461 1319 2513 in

193 2548 382 2619 antistropha,
401 2547 451 2602 ubi
470 2549 591 2618 legimus
603 2549 665 2616 (753
672 2548 691 2616 a)
709 2543 817 2617 βρόχου
830 2554 924 2615 τυχεῖν
937 2545 968 2600 έν
980 2542 1119 2617 ἀρτάναις,
1138 2552 1254 2601 coactus
1267 2555 1320 2616 est,

193 2654 246 2708 pro
264 2636 370 2691 tradito
384 2633 491 2708 βρόχου
510 2637 540 2689 in
559 2641 672 2689 textum
690 2635 810 2689 inferre:
830 2629 950 2705 πρόπρο.
988 2634 1083 2688 Multo
1103 2635 1203 2689 melius
1223 2642 1319 2691 autern

193 2732 285 2781 metro
308 2726 418 2780 consuli
443 2724 579 2792 arbitror,
603 2725 626 2778 si
650 2725 679 2777 in
703 2722 817 2791 νέφεσιν
841 2725 968 2778 litteram
991 2723 1204 2794 udu'plicamus
1226 2742 1319 2796 neque

194 2814 312 2870 verbum
330 2811 436 2885 βρόχου
456 2814 572 2868 alcimus
585 2813 811 2884 languidumque
830 2813 904 2867 illud
924 2809 1035 2884 πρόπρο
1054 2813 1224 2879 inducimus,
1243 2814 1320 2884 quod

193 2904 289 2957 nescio
308 2920 364 2973 quo
378 2909 463 2972 pacto
476 2903 563 2957 etiam
577 2902 769 2971 Dindorlius⁶)
788 2901 959 2968 defenderit,
979 2919 1152 2972 quamquam
1170 2903 1230 2972 ipse
1251 2921 1320 2973 quo·

195 3009 251 3062 que
274 2990 420 3059 concedit,
443 2991 562 3046 verbum
586 2990 663 3061 apud
682 2992 807 3061 tragicos
830 3008 889 3044 non
912 2991 1046 3056 inveniri,
1069 2993 1201 3062 usurpari
1224 2992 1320 3062 potius

193 3080 231 3135 ab
250 3081 405 3151 Apollonio
424 3080 546 3146 Rhodio,
566 3097 631 3134 cum
650 3081 751 3149 tragici
771 3078 859 3134 verbo
878 3076 1019 3151 πρόπαρθ)
1037 3086 1164 3135 utantur.

284 3170 390 3240 Suppl.
411 3171 478 3225 77113
497 3169 574 3239 βίαια
592 3163 631 3235 μὴ
646 3171 728 3237 φιλῇς
740 3161 818 3238 ὁρᾶν.
849 3170 896 3224 Μ.·
915 3172 1018 3236 φιλεῖς,·
1037 3171 1117 3238 φιλῇς
1131 3170 1320 3240 Hartungius.

195 3281 230 3310 ω
249 3258 317 3314 7843
336 3258 413 3329 βίαια
432 3259 553 3326 δίζηνται
571 3260 674 3327 λαβεῖν,
693 3258 744 3311 ubi
763 3258 849 3312 tertio
868 3257 941 3327 pede
960 3257 1118 3325 spondeum
1137 3257 1283 3312 habemus.

286 3384 309 3450 1)
330 3390 457 3436 ceterum
481 3382 517 3437 cf.
542 3399 615 3452 quae
639 3399 700 3452 cap.
722 3377 767 3435 111
786 3382 821 3435 de
844 3381 933 3434 totius
957 3381 1091 3451 strophae
1115 3382 1320 3452 compositione

195 3462 372 3528 dictasunt,
395 3461 446 3516 ubi
465 3462 579 3531 singula
599 3461 662 3515 cola
681 3461 837 3515 secundum
857 3477 904 3531 ea,
928 3473 1000 3532 quae
1020 3462 1182 3530 continent,
1206 3478 1321 3516 accura-

196 3543 252 3596 tius
275 3541 420 3612 descripsi.
450 3576 485 3584 -
514 3543 539 3608 2)
560 3542 596 3595 cf.
616 3540 652 3594 ad
671 3559 696 3594 v.
717 3542 777 3594 572.
806 3574 841 3582 -
868 3542 896 3610 3)
914 3541 932 3594 l.
952 3540 970 3596 l.
990 3558 1055 3612 pag.
1077 3541 1136 3597 163.
1165 3576 1199 3582 -
1227 3543 1253 3612 4)
1273 3560 1322 3596 au-

195 3627 288 3676 tumat
307 3623 396 3687 enim,
420 3628 453 3676 ut
473 3639 509 3676 ex
527 3621 629 3691 signis,
653 3637 726 3692 quae
746 3622 889 3692 apposuit,
909 3627 1038 3691 apparet,
1057 3620 1142 3689 τονὴν
1159 3639 1217 3676 non
1236 3623 1322 3692 sylla·

195 3700 270 3766 bam,
290 3718 363 3772 quae
383 3709 450 3755 ante
470 3701 610 3770 syllabam
629 3707 816 3771 syncopatum
836 3707 887 3766 est,
911 3701 1005 3768 ferire,
1028 3701 1077 3755 sed
1097 3701 1238 3770 syllabam
1257 3721 1322 3771 syn-

195 3783 354 3852 copatam
346 3798 446 3852 ipsam.
483 3781 545 3836 Hoc
564 3787 660 3836 autem
679 3781 803 3835 modo
776 3799 819 3835 ms
838 3785 927 3848 τονῆς,
948 3797 1033 3851 quam
1053 3783 1147 3873 capite
1160 3783 1189 3836 V
1208 3783 1322 3852 planius

195 3861 414 3952 illustravimus,
442 3860 579 3915 radicitus
603 3861 728 3954 expulsa
751 3868 807 3926 est,
832 3877 899 3914 nam
923 3861 947 3914 si
971 3851 1134 3930 legimus'
1115 3879 1204 3914 αται
1186 3885 1250 3920 ζ
1270 3880 1321 3932 pro

195 3928 243 3996 ό-
255 3958 336 4002 τας,
390 3942 496 4010 ‚ictus
520 3958 577 3995 non
601 3943 630 3994 in
650 3959 668 3993 α
686 3942 787 4010 primo,
811 3941 914 3994 sedin
938 3941 1029 3994 altera
1053 3940 1166 4010 syllaba
1183 3947 1321 4008 versatur,

195 4037 283 4091 quare
302 4037 337 4076 ea
350 3986 468 4091 syllaba
486 4021 617 4088 effertur,
642 4037 715 4091 quae
734 4021 795 4074 ictu
814 4037 871 4074 non
891 4019 1004 4090 egebat.
1041 4019 1149 4074 Contra
1168 4020 1243 4075 hanc
1262 4023 1322 4093 opi-

195 4101 310 4156 nionem
329 4101 365 4156 cf.
379 4100 509 4171 Westph.
531 4101 708 4169 „Rhythmik
727 4100 785 4154 und
805 4100 980 4154 Harmonik⁴⁴
1005 4101 1072 4154 1867
1092 4117 1157 4170 pag.
1172 4101 1238 4154 738:
1260 4102 1322 4170 ,die

195 4177 263 4246 τονή
275 4181 348 4234 trifft
368 4181 448 4235 nicht
461 4180 508 4236 die
521 4180 713 4235 schliessende
727 4181 836 4248 Thasia,
855 4179 977 4233 sondern
991 4179 1037 4234 die
1050 4196 1322 4251 vorausgegangene

195 4260 284 4328 Arsia,
302 4261 349 4316 die
368 4262 407 4314 im
425 4259 602 4315 iambischen
616 4261 709 4314 Messe
729 4277 764 4314 zu
783 4259 862 4314 einer
882 4260 1014 4330 τρίσημος
1032 4259 1211 4330 ausgedehnt
1225 4261 1318 4315 uird.u

195 4373 231 4380 —-
250 4342 276 4406 5)
295 4340 339 4395 ed.
359 4340 469 4396 Teubn.
492 4341 568 4408 1873,
588 4357 653 4410 pag.
673 4339 809 4394 LXXIV.
830 4369 863 4376 —
884 4340 909 4408 6)
929 4339 966 4393 cf.
986 4339 1085 4410 Suppl.
1107 4341 1166 4394 755.
