3176 5060
639 342 860 403 ..15-

396 525 433 580 E.
456 523 603 580 Diiambi
627 538 704 580 cum
727 525 897 580 trochaeis
921 525 1103 581 coniuncti.

279 621 458 691 Quamquam
482 620 552 676 alibi
575 621 653 676 haud
680 639 786 692 pronus
809 640 872 676 sum
896 622 932 676 ad
956 622 1231 678 iambicetrochaeos
1254 629 1311 677 sta·

191 710 318 779 tuendos,
337 727 403 764 cum
416 727 513 764 versus
531 710 682 780 compositi
700 711 864 782 saepissime
882 729 934 783 per
946 707 1030 779 τονὴν
1048 711 1078 766 in
1097 729 1185 766 uuum
1198 728 1311 766 versum

191 798 314 855 eiusdem
332 798 446 869 generis
464 798 555 868 redigi
574 798 692 869 possint,
712 816 801 853 unum
819 805 916 854 tamen
935 806 1030 854 exstat
1053 800 1230 871 exemplum,
1254 816 1311 872 quo

189 887 297 942 iambos
316 904 382 941 cum
400 886 543 961 trochaeis
561 886 729 941 coniunctos
748 887 896 958 accipiam.

276 959 362 1031 Pera.
375 975 556 1031 (itemesti
576 970 726 1029 παντάλαν’
739 967 791 1044 άχη
806 977 810 1046 Ι
828 971 984 1046 διαβοάσω·
1002 987 1137 1030 Aeo-
1154 980 1158 1045 Ι
1174 989 1311 1030 cerm

188 1064 374 1134 Bernhardi¹)
396 1063 540 1119 trochaeis
559 1064 626 1118 solis
645 1064 692 1118 hic
711 1064 805 1118 locum
825 1063 918 1133 dedit,
942 1064 1019 1136 quod
1042 1064 1118 1120 idem
1142 1065 1310 1136 acciperem,

188 1154 243 1208 nisi
266 1153 475 1224 antistrophico
498 1170 581 1207 versu
604 1152 641 1206 ad
669 1153 758 1208 alium
780 1153 867 1207 finem
891 1152 994 1208 ductus
1022 1171 1120 1210 essem.
1161 1151 1208 1209 Ibi
1235 1155 1310 1210 enim

188 1243 306 1313 legitur:
325 1240 449 1310 πέμπετε
462 1236 487 1295 δ’
500 1234 568 1308 civo,
581 1233 642 1297 οἷον
654 1234 734 1297 οὔπω
752 1243 755 1313 l
771 1243 874 1312 Περσὶς
886 1235 923 1295 αἶ’
936 1237 1085 1312 ἐκάλυψεν.
1109 1243 1145 1296 In
1157 1242 1202 1297 his
1214 1248 1311 1298 autem

188 1330 283 1386 verbis
295 1328 420 1398 πέμπετε
433 1325 458 1384 δ’
472 1320 541 1396 άνω,
560 1330 664 1401 quibus
676 1330 712 1386 de
726 1347 845 1386 ascensu
863 1331 925 1401 ipso
938 1337 1049 1402 agatur,
1068 1338 1145 1386 certe
1160 1332 1312 1402 rhythmus

189 1419 354 1490 ascendens,
376 1420 492 1474 minime
511 1419 686 1475 descendens
704 1420 880 1491 postulatur,
905 1436 993 1491 quare
1012 1419 1100 1474 iambi
1118 1420 1311 1491 principatum

189 1515 298 1578 teuent,
317 1508 421 1580 quibus
434 1525 567 1563 ascensus
584 1509 645 1579 ipsc
658 1508 833 1579 depingitur.
865 1508 938 1562 Tum
951 1515 1047 1564 autem
1061 1509 1143 1562 hiatu
1156 1502 1214 1563 άνω
1231 1510 1235 1579 l
1251 1501 1312 1564 οἷον

189 1598 227 1652 ad
244 1597 394 1653 trochaeos
412 1604 564 1668 sequentes
583 1597 766 1668 accipiendos
785 1598 967 1668 impellimur,
986 1604 1019 1653 ut
1037 1603 1116 1654 totus
1128 1615 1226 1653 versus
1244 1615 1311 1652 con·

192 1691 249 1741 stet
267 1686 419 1742 ediiambo
439 1693 469 1742 et
488 1686 663 1753 ditrochae0,
683 1685 760 1758 quod
773 1693 895 1742 metrum
915 1688 1001 1742 etiam
1021 1687 1058 1742 ad
1076 1688 1210 1758 strophae
1224 1686 1312 1742 verba

195 1776 327 1847 quadrat:
346 1771 494 1832 παντάλαν’
508 1770 560 1846 άχη
575 1777 579 1847 Ι
596 1771 747 1847 διαβοάσω,
765 1776 816 1831 ubi
833 1776 959 1831 diiambo
972 1794 1029 1832 vox
1042 1777 1225 1832 altitudinem
1238 1794 1312 1832 sum·

195 1883 268 1920 mam
290 1865 416 1921 ascendit
439 1867 538 1937 itaque
560 1865 678 1920 verbum
702 1861 853 1921 παντάλαν’
872 1867 963 1936 magis
987 1867 1077 1921 effert.
1114 1866 1210 1932 Quare
1234 1866 1316 1920 haud

192 1954 378 2008 necessarium
402 1960 473 2025 puto
496 1971 561 2009 cum
584 1954 760 2024 Dinderfio⁸)
783 1950 945 2025 διαμβοάσω
969 1957 999 2008 et
1022 1950 1071 2009 τὸν
1093 1947 1156 2009 οἷον
1178 1953 1311 2024 scribere,

190 2043 236 2098 vel
254 2059 319 2098 cum
330 2043 535 2114 Rossbachioss)
554 2036 706 2098 παντάλαν’
724 2034 778 2112 άχη
797 2033 937 2115 &costaalta
955 2044 985 2098 in
1005 2049 1117 2099 textum
1136 2045 1262 2115 recipere
1282 2051 1311 2099 et

191 2131 226 2186 de
243 2132 368 2203 tripodia
386 2133 525 2204 paeonica
544 2131 627 2187 catal.
648 2133 783 2204 cogitare.

598 2313 671 2380 ΙΙΙ.
719 2311 903 2396 Tripodia.

621 2450 646 2500 1.
674 2444 777 2501 lambi
800 2445 878 2501 soli.

600 2559 634 2612 A.
657 2558 780 2613 iambi
802 2560 901 2630 puri.

279 2670 335 2735 Ag.
354 2667 422 2722 1852
441 2660 502 2720 ἐπεὶ
521 2665 552 2720 δὲ
570 2667 617 2719 καὶ
635 2669 744 2737 πικροῦ.
782 2666 857 2721 Sane
876 2666 948 2720 haec
967 2663 1055 2718 verba
1073 2682 1163 2718 unum
1181 2665 1312 2720 efficiunt

191 2773 315 2824 versum,
338 2754 506 2826 tripodiam,
530 2771 603 2826 quae
627 2754 701 2810 bene
725 2754 953 2825 desperationem
973 2754 1148 2809 Graecorum
1172 2753 1311 2825 depingit.

191 2843 221 2899 Si
239 2843 306 2898 inde
320 2859 337 2896 a
349 2844 384 2898 V.
401 2845 451 2898 179
464 2860 561 2898 versus
574 2844 726 2898 recitamus
746 2849 775 2898 et
794 2843 831 2897 ad
844 2844 920 2898 hunc
933 2860 1045 2898 versum
1058 2843 1270 2913 pervenerimus
1283 2849 1312 2898 et

190 2933 265 2987 hanc
277 2931 432 3003 tripodiam
444 2933 605 3002 legerimus,
624 2932 720 2987 subito
733 2931 922 2997 haerebimus,
941 2948 1007 2985 nam
1020 2931 1149 2986 consueti
1162 2948 1258 2985 sumus
1271 2937 1312 2986 te·

191 3020 329 3092 trapodiis
342 3019 387 3076 vel
400 3020 569 3091 hexapodiis
581 3021 681 3092 magis,
699 3037 785 3091 quam
797 3019 937 3091 tripediis,
957 3035 1030 3090 quae
1043 3020 1073 3073 in
1082 3019 1127 3072 his
1140 3018 1313 3074 carminibus

190 3107 320 3164 iambicis
338 3126 402 3164 raro
415 3115 554 3164 occurant
560 3127 567 3177 ;
587 3109 751 3164 desiderant
767 3108 877 3180 aliquid
896 3124 978 3162 aures
997 3114 1112 3162 nostrae
1130 3107 1160 3160 in
1179 3107 1312 3178 tripodia,

192 3214 265 3267 quae
284 3196 318 3252 de
338 3197 478 3252 industria
497 3215 514 3252 a
532 3204 619 3269 poeta
636 3199 729 3253 electa
747 3204 798 3252 est.
830 3197 925 3262 Quare
944 3195 1089 3251 reicienda
1101 3195 1214 3250 videtur
1224 3196 1313 3250 Wila-

193 3287 325 3341 mcwitzii
339 3286 492 3358 descriptio
498 3287 528 3356 ⁴),
547 3288 596 3358 qui
609 3287 697 3342 verba
715 3286 782 3341 inde
795 3303 813 3340 a
825 3287 911 3357 τρίβῳ
924 3301 1014 3355 usque
1027 3284 1063 3338 ad
1078 3287 1181 3355 πικροῦ
1195 3286 1313 3339 coniun-

191 3375 235 3428 xit
248 3375 345 3447 itaque
356 3377 413 3430 vim
427 3375 569 3447 tripediae
579 3376 665 3447 plane
675 3375 846 3430 debilitavit.
872 3372 991 3428 Rectius
1000 3373 1038 3427 H.
1049 3371 1251 3444 Schmidtius⁵)
1260 3373 1313 3429 hos

191 3480 290 3518 versus
302 3463 458 3536 descripsit.
471 3486 507 3517 ω
519 3466 587 3520 198τ
606 3465 634 3519 τί
643 3469 702 3518 τῶν
714 3457 739 3518 δ’
751 3457 818 3517 άνευ
832 3467 944 3527 κακῶν,·
961 3462 1008 3517 hic
1023 3478 1134 3533 quoque
1148 3467 1213 3532 post
1225 3463 1312 3518 inter·

191 3553 369 3623 rogationem
381 3570 471 3624 pausa
483 3553 525 3622 fit,
539 3569 612 3624 quae
625 3553 732 3623 optime
745 3551 782 3604 ad
795 3550 884 3606 verba
897 3551 965 3619 eius,
984 3551 1033 3621 qui
1045 3550 1166 3621 quaerit,
1180 3557 1249 3621 apta
1261 3558 1312 3606 est.

281 3642 388 3712 Suppl.
411 3643 479 3698 4152
508 3635 629 3710 ἱππηδὸν
651 3635 796 3708 ἀμπύκων.
838 3640 922 3694 Haud
951 3641 1010 3694 scio
1033 3656 1070 3696 an
1098 3639 1170 3693 haee
1198 3657 1312 3710 queque

192 3729 316 3800 tripodia
343 3731 419 3786 iuter
446 3730 593 3785 dochmios
616 3731 707 3784 mixta
729 3731 779 3796 sit,
807 3729 857 3784 sed
880 3745 945 3783 cum
969 3728 1193 3798 antistrophicus
1216 3746 1313 3784 versus

282 3874 309 3941 1)
328 3872 346 3925 l.
366 3873 385 3928 l.
404 3889 469 3944 pag.
488 3875 513 3929 8.
534 3904 566 3912 -
586 3874 612 3941 2)
631 3860 748 3941 dschyl.
766 3871 967 3942 Ohorgesange
986 3887 1051 3942 pag.
1068 3870 1158 3940 27s28.
1178 3901 1212 3909 —
1232 3871 1259 3938 3)
1277 3870 1312 3925 de

191 3950 269 4006 Pers.
288 3960 363 4007 cant.
383 3953 518 4024 psychag.
537 3953 568 4006 in
586 3952 681 4006 indice
700 3952 766 4006 lect.
780 3950 896 4007 Vratisl.
913 3950 990 4016 1861,
1004 3967 1069 4020 pag.
1083 3951 1107 4003 9.
1127 3982 1162 3989 -
1181 3951 1207 4018 4)
1227 3966 1313 4020 quarn

191 4029 210 4083 l.
229 4031 247 4084 l.
267 4049 333 4103 pag.
352 4032 371 4086 4
388 4033 522 4088 instituit.
547 4063 581 4072 —
607 4034 632 4103 5)
652 4031 768 4086 Kunstf.
788 4031 811 4100 Ι,
829 4047 895 4101 pag.
917 4031 980 4084 155:
1005 4028 1091 4098 „aber
1115 4046 1181 4083 man
1204 4029 1314 4083 kemmt

191 4111 244 4164 mit
263 4111 341 4167 allen
353 4112 461 4168 Sinnen
481 4112 561 4166 nicht
575 4113 641 4167 weit
653 4117 798 4180 vorwtrts,
818 4110 907 4164 daher
920 4109 1015 4164 kleine
1028 4108 1213 4180 Tripodieen;
1231 4108 1314 4180 jeder

192 4189 332 4246 Gedanke
350 4193 454 4261 stockt,
466 4199 501 4232 '-
515 4192 611 4247 hiuter
630 4191 681 4246 der
693 4191 827 4262 Tripodie
847 4190 910 4244 eine
923 4190 1024 4257 Pause,
1044 4189 1073 4242 in
1093 4188 1177 4242 aliem
1191 4189 1313 4244 Denlren

192 4270 317 4404 istdlrein
341 4273 450 4327 wahrer
473 4271 735 4343 Zusammenhang,
763 4272 846 4326 keine
870 4270 997 4341 logische
1017 4270 1121 4324 Unter·
1144 4268 1204 4322 und
1222 4257 1314 4324 llber-

192 4367 224 4404 or
246 4357 351 4424 nung.“
