3176 5060
225 492 289 529 cum
302 474 467 531 scribebant
478 481 603 545 μεγαυχῆ
611 477 638 545 ¹),
652 483 685 530 ut
697 475 822 547 tripodis
835 476 958 531 iambica
971 478 1129 547 exsisteret,
1145 479 1225 533 cuius
1237 479 1345 549 primus

225 580 275 633 pes
293 571 367 617 esset
386 563 527 633 dactylus,
547 566 664 618 ultimus
683 557 864 635 syncopatos.
901 565 978 619 Huic
996 567 1156 622 sententiae
1171 566 1346 621 obstiterunt

227 653 264 706 IL
283 651 468 721 Schmidtius,
486 653 628 722 Reiterus,
652 654 852 708 Rossbachius.
890 653 1065 710 Schmidtius
1084 655 1187 726 eniml)
1207 656 1346 710 choriam-

227 741 319 796 bicam
346 758 507 796 mensuram
536 743 675 811 instituit,
703 760 768 796 eum
796 744 1035 814 antistrophieum
1063 761 1175 798 versum
1202 745 1346 814 integrum

226 831 342 901 reliquit
366 837 396 885 et
419 848 484 884 eum
506 831 667 902 Hartungio
693 833 722 886 in
745 833 864 903 stropha
887 834 1012 903 scripsit:
1036 829 1164 903 βάρβαρά
1184 851 1217 902 γε
1236 837 1345 901 σαφηνῆ

225 939 239 970 ,1
254 945 272 972 o
283 945 302 972 υ
314 931 332 972 o
343 946 361 971 υ
377 923 380 987 Ι
396 966 414 974 -
427 964 457 988 -,
481 938 566 991 quam
584 922 725 977 rationem
744 923 831 976 etiam
850 921 1047 992 Geraestiusl)
1067 922 1216 992 amplexus
1235 929 1300 988 est,
1314 929 1346 976 ut

225 1015 311 1063 notae
339 1010 463 1064 musicae
490 1009 627 1064 indicant.
674 1010 731 1065 Sed
758 1011 940 1065 choriambus
968 1011 1078 1065 solutus
1096 1031 1174 1064 roo
1195 1023 1242 1064 oo
1269 1011 1346 1082 apud

225 1099 349 1169 tragicos
368 1099 462 1153 locum
485 1117 543 1153 non
567 1099 655 1154 habet
678 1117 770 1170 neque
789 1101 850 1154 ullo
869 1101 1000 1170 exemplo
1019 1101 1126 1154 firmari
1145 1106 1248 1172 potest.
1285 1101 1346 1156 Nee

226 1204 290 1242 curn
319 1186 495 1242 Rossbachio
524 1188 640 1254 faciam,
673 1187 748 1259 quit
776 1189 921 1259 dipodiam
949 1190 1117 1259 paeonicam
1148 1191 1346 1244 catalecticam

226 1278 345 1347 aceepit.
381 1277 539 1345 Reiterus⁵l
562 1277 699 1331 traditam
722 1279 893 1348 scripturam
916 1279 1040 1332 servavit
1065 1286 1094 1332 et
1116 1279 1267 1333 trochaeos
1290 1285 1346 1333 sta·

225 1366 281 1420 tuit
299 1360 325 1414 1¹
345 1359 515 1418 coel-C.
535 1363 663 1436 βάρβαρα
682 1370 790 1434 σαφηνῆ

224 1476 260 1505 ω
278 1448 635 1520 roeoossrssoalpova
653 1459 814 1524 μεγαλαυχῆ

225 1543 254 1597 id
274 1549 317 1599 est
336 1544 365 1596 in
384 1544 502 1614 stropha
521 1544 719 1614 tetrapodiam,
740 1545 820 1599 cuius
838 1547 946 1615 primus
960 1563 1010 1615 pes
1023 1551 1206 1615 syncopatos,
1224 1545 1297 1600 alter
1316 1547 1346 1600 in

225 1631 393 1701 tribrachyn
411 1632 522 1686 solutus
541 1638 593 1702 est,
617 1635 718 1687 tertius
737 1640 766 1687 et
786 1641 904 1704 quartus
922 1635 1025 1689 iterum
1045 1635 1196 1704 syncopati
1214 1641 1293 1700 sunt;
1316 1635 1346 1688 in

226 1719 405 1792 antistropha
418 1721 540 1776 eundem
552 1739 664 1776 versum
678 1723 797 1794 accepit,
816 1724 870 1777 nisi
884 1723 961 1793 quod
980 1723 1027 1777 hic
1045 1741 1095 1794 pes
1109 1725 1216 1794 primus
1234 1724 1347 1794 integer

227 1817 352 1865 servatus
376 1816 427 1865 est.
470 1811 673 1865 Demonstrare
702 1812 777 1866 enim
802 1811 913 1866 studuit
941 1812 970 1866 in
995 1813 1209 1880 dissertatione,
1237 1805 1346 1883 μακρὰν

228 1901 358 1970 τρίσημον
370 1933 404 1951 μ
423 1900 594 1971 respondere
613 1917 695 1972 posse
714 1918 785 1971 puro
805 1901 902 1972 pedi-
913 1926 932 1952 υ
944 1902 990 1956 vel
1003 1947 1021 1955 -
1033 1923 1063 1965 -;
1083 1901 1132 1955 sed
1151 1905 1275 1970 μεγαυχῆ
1294 1918 1345 1972 pro

226 1992 382 2057 μεγαλαυχῆ
401 2006 459 2042 nou
477 1989 552 2043 inter
571 1989 750 2058 gravissimas
769 1991 942 2044 mutationes
961 1989 1168 2044 numerandum
1187 1996 1239 2058 est,
1259 2006 1345 2060 quare

226 2077 301 2147 quod
319 2078 406 2147 vulgo
425 2077 568 2143 scribitur,
587 2096 638 2132 nos
658 2095 771 2149 quoque
790 2079 971 2148 accipiamus.

314 2168 399 2222 Pers.
419 2169 472 2222 1152
490 2189 526 2219 ω
545 2169 608 2223 aot.
651 2169 733 2237 Sept.
759 2171 826 2224 7531
852 2162 963 2239 ἀνδρῶν
986 2161 1138 2236 ἀλφηστᾶν,
1162 2185 1235 2239 quae
1259 2167 1347 2223 verba

225 2272 292 2310 sane
320 2255 457 2310 iambicos
485 2273 617 2311 numeros
646 2257 788 2326 efficiunt,
820 2275 877 2311 non
906 2257 1099 2325 dochmiacos,
1132 2264 1164 2310 ut
1192 2256 1346 2326 Seidlero⁶l

225 2345 317 2398 visum
336 2351 392 2411 est,
416 2363 483 2399 nam
506 2347 535 2400 111
555 2347 609 2400 hae
628 2346 746 2416 stropha
769 2346 893 2401 iambica
915 2347 1025 2400 iambos
1044 2346 1080 2400 ab
1100 2347 1182 2400 initio
1201 2364 1290 2416 usque
1310 2346 1347 2400 ad

224 2451 336 2489 versum
352 2434 484 2504 quintum
504 2452 669 2504 percurrere
688 2434 782 2504 eredo,
801 2435 891 2490 donec
910 2435 957 2488 hie
976 2435 1127 2503 rhythmus
1146 2435 1248 2488 ultimo
1263 2442 1347 2488 versu

224 2523 410 2593 pherecrateo
434 2524 583 2594 excipitur.
626 2526 741 2595 Itaque,
770 2524 846 2594 quod
871 2525 928 2577 iam
951 2541 1015 2594 pag.
1043 2525 1073 2578 11
1097 2525 1270 2592 monuimus,
1298 2522 1346 2577 hic

225 2629 337 2683 quoque
357 2612 448 2666 valet:
471 2630 529 2667 non
553 2631 634 2684 posse
658 2615 875 2683 pherecrateum
899 2630 950 2682 pro
970 2613 1090 2686 dimetro
1109 2612 1232 2666 iambico
1252 2612 1346 2666 looum

225 2700 367 2767 obtinere,
392 2719 409 2754 a
428 2718 484 2772 qua
503 2701 613 2756 ratione
633 2701 891 2771 Wilamowitziusy
917 2719 974 2755 non
999 2701 1141 2770 discessit,
1166 2702 1215 2772 qui
1234 2719 1347 2756 versum

226 2796 353 2844 nostrum
366 2808 430 2845 eum
444 2798 580 2861 sequente
595 2792 743 2845 coniunxit
756 2798 785 2845 et
798 2797 997 2846 tetrametrum
1009 2791 1163 2845 iambicum
1176 2791 1259 2844 catal.
1273 2790 1346 2844 indi·

226 2881 313 2933 carit:
332 2906 351 2931 o
360 2913 394 2931 1.
405 2913 439 2931 μ
450 2914 484 2932 μ
495 2915 529 2932 n.
540 2927 556 2934 -
566 2907 584 2932 o
592 2908 610 2933 υ
620 2927 636 2934 -
646 2908 664 2932 o
673 2915 707 2933 1-
722 2924 746 2934 -.
779 2882 872 2952 Leges
885 2899 1005 2950 versum,
1018 2882 1075 2934 iam
1087 2880 1247 2949 intelleges,
1261 2896 1346 2950 quarn

226 2969 299 3023 male
313 2976 449 3040 quattuor
467 2970 534 3024 illae
547 2972 626 3024 τοναί
644 2977 753 3036 sonent,
773 2988 846 3041 quae
865 2972 963 3024 statim
982 2988 1011 3024 se
1025 2970 1213 3040 sequuntur.⁸)
1231 2991 1266 3020 ω
1282 2971 1346 3025 7511.

315 3058 398 3127 Sept.
423 3060 489 3114 tol:
517 3054 578 3112 ἐπεὶ
601 3054 625 3112 δ’
649 3054 800 3130 ἀρτίφρων.
847 3058 1011 3116 Jambicum
1039 3076 1152 3112 versum
1179 3057 1346 3111 dochmiaco

226 3148 398 3216 praeferam,
422 3148 556 3218 quoniam
580 3149 629 3202 alii
653 3148 767 3202 iambici
791 3154 963 3218 sequuntur,
988 3149 1036 3218 qui
1060 3165 1111 3218 per
1134 3148 1210 3200 hunc
1235 3163 1347 3200 versum

226 3235 408 3291 inducuntur.
446 3237 566 3292 Weilius
586 3240 659 3307 (nov.
679 3237 756 3307 edit.)
776 3239 847 3309 legit
867 3234 929 3291 ἐπεί
947 3254 1035 3306 usque
1056 3236 1092 3289 ad
1112 3233 1210 3305 γάμων
1229 3253 1286 3289 uno
1305 3241 1347 3288 te-

227 3342 308 3393 nore,
332 3343 417 3396 quam
436 3326 657 3397 descriptionem
679 3329 766 3382 etiam
784 3327 861 3397 apud
881 3325 1158 3393 Wilamowitzium⁹l
1176 3325 1345 3378 invenimus.

226 3413 337 3480 Nescio,
357 3432 413 3485 quo
426 3415 487 3469 iure
500 3416 625 3486 tripodia
637 3416 764 3481 tollatur,
784 3433 849 3469 nam
868 3416 930 3485 ipsa
943 3414 993 3468 illa
1006 3415 1114 3484 species
1127 3430 1190 3467 curn
1205 3414 1254 3481 eis,
1273 3429 1346 3483 quae

226 3509 390 3572 narrantur,
419 3503 492 3558 bene
516 3505 655 3574 congruit.
697 3505 737 3558 Ut
762 3505 819 3557 iarn
844 3503 880 3557 ad
904 3505 957 3574 Ag.
984 3503 1034 3557 185
1058 3501 1194 3570 vidimus,
1222 3501 1347 3573 tripodis

227 3590 435 3646 dubitationem
459 3593 592 3662 exprimit
617 3598 646 3646 et
669 3609 782 3646 cursum
805 3610 986 3646 numerorum
1011 3597 1132 3646 coercet.
1169 3591 1222 3644 Hic
1241 3596 1346 3658 autem,

226 3680 276 3734 ubi
304 3681 477 3750 explicatur,
506 3681 647 3751 quomodo
671 3681 799 3751 Oedipus
826 3682 991 3752 coniugium
1014 3681 1172 3734 infaustum
1196 3679 1346 3749 paullatim

226 3767 381 3835 detexerit,
405 3787 456 3839 per
479 3770 633 3839 tripodium
659 3770 802 3839 audimus,
832 3769 973 3840 quomodo
998 3769 1116 3832 sentiat,
1141 3785 1292 3837 quamnam
1318 3769 1348 3821 in

318 3908 342 3971 l)
356 3904 432 3974 quod
443 3919 513 3957 rece.
524 3921 598 3958 unus
608 3904 734 3958 exhibet.
745 3935 778 3943 -
789 3905 814 3973 2)
824 3903 940 3957 Kunstf.
951 3903 974 3969 I,
985 3917 1050 3971 pag.
1060 3903 1120 3955 356.
1132 3931 1165 3940 -
1176 3902 1201 3966 3)
1212 3900 1346 3968 „histoire

227 3992 256 4039 et
269 3985 379 4039 theoria
393 3984 428 4039 de
442 3984 470 4037 la
483 3985 611 4053 musique
631 3984 666 4038 de
679 3984 858 4054 l'antiquite“
878 3999 942 4052 pag.
958 3983 999 4036 76.
1013 4013 1047 4020 -
1067 3983 1094 4049 4)
1115 3980 1166 4047 „de
1180 3980 1257 4033 Pers.
1271 3987 1346 4034 cant.

227 4065 344 4136 psyeh.“
363 4065 393 4117 in
411 4064 504 4118 indice
524 4065 641 4118 Vratisl.
664 4065 740 4130 1861,
758 4080 822 4134 pag.
844 4065 868 4118 9.
888 4092 922 4098 —
942 4063 967 4129 5]
988 4061 1006 4114 1.
1025 4061 1043 4114 1.
1064 4077 1129 4130 pag.
1151 4062 1208 4114 145.
1230 4091 1261 4099 —
1282 4061 1309 4128 6)
1328 4060 1346 4113 1.

227 4144 245 4198 l.
264 4163 329 4216 pag.
349 4146 392 4199 29.
413 4176 446 4184 —
467 4145 493 4212 7)
512 4144 529 4197 l.
550 4144 568 4197 l.
588 4161 652 4214 pag.
670 4146 711 4198 111.
732 4175 763 4184 -
784 4144 810 4212 8)
830 4143 909 4197 aliud
930 4148 1012 4208 esset,
1032 4142 1055 4194 si
1074 4157 1173 4212 preces
1191 4140 1238 4193 hic
1258 4141 1348 4194 effun-

227 4225 370 4293 derentur,
389 4225 440 4280 ubi
459 4224 539 4278 τοναί
550 4224 721 4294 frequentes,
742 4241 814 4294 quae
830 4240 859 4278 se
873 4223 1027 4292 excipiant,
1047 4221 1202 4274 rectissime
1218 4237 1247 4273 so
1260 4219 1346 4273 habe-

227 4311 303 4363 rent:
323 4307 359 4360 of.
379 4305 479 4376 Suppl.
499 4305 560 4371 857,
580 4305 641 4375 859,
660 4305 742 4358 Eum.
763 4307 823 4358 940.
844 4335 877 4342 -
897 4305 924 4372 9)
944 4302 962 4356 l.
982 4301 1000 4355 l.
1021 4318 1085 4371 pag.
1106 4301 1149 4354 28.

280 4405 397 4456 Proust,
416 4407 451 4446 Da
466 4407 580 4445 Venenum
595 4409 637 4448 eto.
1170 4390 1186 4440 2
