3176 5060
657 334 877 392 ...89-

299 504 417 560 Initium
440 506 636 577 antistrophae
660 507 731 561 facit
753 507 882 562 trimeter
906 505 1044 560 iambicus
1071 512 1257 578 syncopatus,
1285 509 1328 576 (ut

147 619 150 624 Δ
210 593 292 648 alibi:
311 593 348 649 V.
367 595 428 664 521,
447 596 512 665 539,
532 598 597 664 555,
616 597 678 666 570)
702 597 782 650 cuius
805 597 923 651 ultimae
947 595 1076 666 syllabae
1095 596 1251 667 productae
1270 597 1327 651 iam

210 682 427 754 pherecrateum
449 685 631 756 praedicunt;
660 703 753 756 neque
781 685 919 741 iambicus
947 685 1098 756 rhythmus
1122 703 1139 740 a
1161 687 1327 757 logaoedico

210 773 295 844 plane
319 773 500 842 absorbetur,
524 781 557 831 ut
576 775 696 830 dimeter
714 776 853 830 iambicus
873 776 920 846 (V.
939 776 966 844 3)
985 775 1101 832 indicat.
1140 777 1213 832 Tum
1231 782 1327 832 autem

210 863 313 918 iterum
335 862 391 918 duo
414 864 593 935 pherecratei
611 871 781 936 sequuntur,
806 883 877 936 quos
894 865 1051 936 glyconeus
1069 865 1215 936 disiungit.
1253 867 1328 922 Viri·

210 951 276 1007 liter
299 959 395 1008 autem
413 969 447 1007 ae
465 953 583 1010 firmiter
606 953 642 1007 ad
665 954 932 1026 interrogationem,
956 971 1042 1026 quam
1060 952 1220 1025 logaoedici
1239 954 1328 1009 conti-

210 1047 287 1112 nent,
306 1043 435 1098 trimeter
451 1042 591 1098 iambicus
609 1043 771 1114 respondet,
790 1061 847 1114 quo
865 1061 970 1099 nomen
987 1043 1068 1098 lovis
1087 1061 1145 1099 non
1163 1045 1223 1098 sine
1243 1061 1328 1099 causa

157 1123 161 1132 ’
210 1131 323 1186 initium
351 1133 509 1203 occupavit.
556 1131 704 1199 Quantum
731 1134 807 1187 enim
834 1134 945 1188 numeri
972 1133 1088 1188 iambici
1116 1133 1328 1205 alogaoediois

209 1221 446 1292 praecedentibus
474 1222 648 1293 discrepent,
679 1228 875 1293 quantumque
905 1223 1096 1293 responsionis
1124 1229 1219 1278 certae
1247 1225 1328 1295 signa

209 1326 278 1380 prae
296 1327 325 1366 se
344 1311 449 1380 ferunt,
467 1329 551 1367 nemo
569 1329 627 1366 non
646 1310 732 1367 videt.

576 1491 611 1545 D.
641 1490 746 1546 iambi
765 1495 799 1544 et
817 1489 960 1561 dactyli.

299 1579 383 1649 Sept.
400 1582 468 1636 arar

281 1669 346 1723 AN:
365 1662 398 1722 ob
416 1669 462 1724 rol
478 1687 522 1722 νιν
539 1662 622 1723 οἶσθα
640 1671 781 1741 διαπερῶν

282 1759 342 1814 ΙΣ.·
360 1751 395 1812 σὺ
413 1752 437 1812 δ’
457 1753 540 1813 οὐδὲν
558 1746 674 1830 ῧστερος
691 1753 800 1827 μαθών,

282 1848 349 1906 AN:
366 1842 427 1901 ἐπεὶ
445 1849 583 1916 κατῆλθες
600 1843 629 1912 ἐς
647 1844 736 1902 πόλιν.

281 1938 341 1992 ΙΣ.·
359 1932 443 2009 δορός
460 1953 493 2007 γε
511 1932 576 2010 τῷδ’
595 1933 744 2008 ἀντηρέτας

281 2027 346 2085 AN:
365 2019 433 2082 6).οἆ
451 2025 549 2096 λέγειν,
569 2028 629 2084 ΙΣ.·
647 2021 714 2081 ὀλοὰ
733 2021 756 2080 δ’
778 2020 852 2097 ὁρᾶν.
919 2039 968 2079 oo
1008 2053 1055 2080 υ..
1067 2038 1145 2080 udo

281 2117 348 2172 AN:
367 2109 400 2170 ul
419 2112 513 2181 πόνος.
552 2118 612 2174 ΙΣ.·
631 2110 663 2170 la)
682 2113 762 2171 κακά.

281 2205 345 2266 ΑΝ,·
366 2200 473 2275 δώμασι
491 2207 538 2261 καὶ
556 2206 647 2275 χθονί.

282 2297 341 2352 ΙΣ.·
358 2298 405 2350 καὶ
422 2290 456 2350 τὸ
474 2292 572 2368 πρόσω
591 2289 617 2365 γ’
635 2292 705 2363 ἐμοί.

282 2378 813 2450 ΑΝτίὠίὠδοστόνωνκακῶνᾶναξ
862 2375 868 2404 ’
921 2411 1253 2440 υ-υα.,υ-υ-υ-

283 2477 342 2531 ΙΣ.·
360 2471 394 2530 tl
413 2471 527 2530 πάντων
544 2471 795 2530 πολυστονώτατοι.
919 2502 984 2529 υτ-
997 2501 1092 2529 r.-o
1104 2502 1240 2530 .....
1295 2476 1327 2528 10

283 2565 339 2619 AN.
359 2566 419 2623 ΙΣ.·
437 2558 470 2619 at
490 2567 677 2632 δαιμονῶντες
695 2557 747 2637 ἄτᾳ

283 2656 347 2716 AN,-
366 2648 400 2708 ἰώ
419 2651 452 2708 ἰὼ
470 2659 526 2709 τοῦ
546 2670 599 2723 σφε
616 2650 743 2722 θήσομεν
759 2650 879 2724 χθονός,·
920 2673 1255 2710 υ-υι..-υ-υ.υκ.ν

283 2746 342 2802 ΙΣ.·
361 2738 394 2798 ἰὼ
411 2734 484 2799 ὅπου
503 2741 676 2812 τιμιώτατον.
923 2763 1198 2800 cahom!

281 2834 341 2889 ΔΝ.
361 2836 420 2889 ΙΣ.·
438 2828 471 2888 ul
491 2828 524 2887 ἰὼ
542 2836 620 2902 πῆμα
638 2835 722 2906 πατρὶ
740 2831 886 2905 πάρευνον.
923 2859 1001 2888 υ-υ
1014 2847 1275 2889 maecum.)
1294 2836 1329 2890 14

300 2924 390 2979 Dolor
408 2941 442 2980 ac
460 2924 648 2996 perturbatio,
670 2924 769 2995 quales
787 2925 816 2979 in
835 2923 999 2995 pectoribus
1017 2926 1178 2997 puellarum
1197 2926 1328 2994 fremant,

212 3013 381 3085 qualemque
400 3015 475 3069 viam
494 3014 705 3085 ingrediantur,
728 3030 746 3068 a
764 3021 850 3084 poeta
872 3014 1045 3070 lucidissime
1068 3020 1257 3070 monstratum
1276 3022 1326 3070 est.

211 3103 254 3158 Ao
272 3105 395 3175 primum
417 3109 553 3176 quattuor
576 3104 690 3159 dimetri
712 3103 828 3159 iambici
850 3104 926 3160 inter
944 3105 1120 3175 Antigonam
1139 3111 1169 3160 et
1186 3105 1326 3160 Ismenam

211 3194 309 3265 aequis
327 3193 457 3264 partibus
475 3193 558 3249 divisi
576 3193 707 3248 similiter
726 3193 852 3248 dolorem
871 3194 1008 3262 indicant,
1028 3211 1060 3248 ac
1079 3194 1327 3266 Pers.1009sqq.;

210 3282 320 3338 scilicet
342 3283 397 3337 hac
421 3282 600 3352 condicione,
624 3288 657 3337 ut
675 3283 812 3338 continuo
834 3284 999 3338 recitentur.
1036 3284 1110 3337 Tum
1128 3289 1222 3338 motus
1240 3284 1328 3338 animi

210 3372 252 3426 ita
270 3378 429 3438 creverunt,
447 3378 480 3426 ut
498 3373 621 3443 primum
639 3372 795 3428 solutiones
813 3372 972 3442 (tribrachi)
991 3373 1127 3428 existant:
1152 3366 1220 3428 ὀλοὰ
1239 3371 1328 3442 λέγειν

209 3464 268 3517 κτλ.
291 3468 439 3533 praeterea
467 3468 563 3517 autem
590 3461 704 3517 dimetri
731 3462 762 3516 in
789 3461 860 3517 duas
883 3461 1048 3518 dividantur
1071 3469 1179 3533 partes,
1208 3479 1327 3534 quarum

211 3552 256 3621 (V.
276 3551 302 3622 6)
320 3551 411 3607 altera
429 3551 546 3623 dipodia
563 3552 604 3607 sic
622 3551 659 3606 ab
678 3551 770 3607 altera
788 3553 918 3607 seiuncta
936 3557 992 3622 est,
1016 3558 1049 3607 ut
1068 3553 1176 3623 primae
1195 3552 1327 3624 dipodiae

210 3639 267 3696 fine
285 3641 397 3711 syllaba
415 3658 519 3713 anceps
538 3641 718 3696 admittatur:
738 3634 772 3696 ἰώ
790 3637 885 3707 πόνός,
904 3635 938 3696 tt
952 3639 1034 3697 κακά.
1069 3642 1228 3713 Fastigium
1247 3641 1328 3696 dolor

210 3730 338 3786 aseendit
356 3730 389 3784 V.
409 3733 425 3785 7
445 3737 474 3786 et
492 3731 518 3800 8,
537 3731 612 3802 quod
632 3729 740 3802 dactyli
759 3731 926 3800 ostendunt,
951 3733 1000 3802 qui
1018 3733 1072 3803 ipsi
1091 3732 1228 3787 acriorem
1247 3748 1327 3801 prae·

210 3818 281 3874 bent
302 3820 482 3890 rhythmum,
510 3837 596 3892 quarn
618 3821 719 3887 iambi;
748 3827 891 3892 postremo
919 3820 1006 3876 iambi
1034 3821 1196 3892 syncopati,
1225 3820 1328 3891 quibus

210 3910 371 3966 interiectio
395 3907 427 3964 ἰώ
451 3912 563 3981 saepius
586 3913 720 3980 iteratur,
748 3911 878 3982 querelas
905 3910 1073 3981 depingunt.
1116 3910 1172 3966 Sed
1200 3910 1327 3964 ordinem

210 4005 319 4055 certum
342 4000 386 4054 his
409 4000 517 4054 ultimis
540 3999 667 4055 versibus
694 3999 858 4068 enucleare,
885 4015 1127 4070 supervacaneum
1150 4005 1234 4071 puto,
1262 4015 1326 4054 curn

211 4088 292 4156 ordo,
316 4089 364 4160 qui
383 4107 414 4144 re
433 4105 500 4146 vera
527 4089 627 4156 ‚ordo“
649 4088 793 4145 vocandus
816 4089 866 4156 sit,
890 4089 946 4144 nisi
968 4105 1019 4160 per
1038 4089 1096 4144 vim
1114 4094 1145 4143 et
1167 4105 1218 4159 per
1236 4093 1327 4142 muta·

210 4179 302 4234 tiones
316 4177 395 4232 haud
412 4179 585 4234 necessarias
603 4178 716 4234 institui
734 4195 791 4232 non
810 4178 907 4249 possit.
944 4177 1018 4234 Nam
1037 4184 1124 4248 poeta
1136 4183 1251 4233 coactus
1270 4195 1327 4232 non

211 4273 284 4335 erat,
313 4267 368 4323 hoe
395 4269 457 4338 ipso
482 4268 538 4324 fine
562 4285 658 4324 versus
686 4267 842 4323 secundum
870 4267 989 4322 schema
1012 4273 1121 4322 certum
1149 4283 1328 4338 componere,

210 4357 295 4411 immo
326 4358 431 4411 rectius
460 4357 528 4426 fuit,
559 4359 794 4430 compositionem
823 4357 933 4412 firmam
964 4357 1121 4422 dimittere,
1153 4373 1209 4426 quo
1237 4357 1327 4426 magis
