3176 5060
724 266 942 324 ...94-

364 437 497 508 Quinque
521 437 656 493 dimetros
677 436 815 492 iambicos
842 437 925 492 initio
948 437 1100 501 habemus;
1128 437 1177 490 sed
1205 435 1296 504 vide,
1329 453 1423 506 quam

275 527 352 582 varie
371 526 432 581 ficti
450 527 519 583 sint:
543 526 615 582 duos
638 526 774 581 dimetros
793 526 818 580 3.
837 525 910 596 pede
933 531 1105 596 syncopatos
1128 525 1209 580 subit
1236 524 1375 580 dimeter
1395 525 1423 580 3.

275 621 305 670 et
326 617 352 670 4.
376 616 448 687 pede
472 633 588 688 syncop.
595 659 602 685 ,
625 614 703 670 huno
726 615 847 670 dimeter
869 614 1004 686 simplex,
1032 615 1108 669 hunc
1132 613 1264 670 dimeter
1290 615 1422 670 solutus.

274 706 340 761 Jsm
363 706 492 760 trimetro
511 704 601 760 maior
619 705 700 776 vigor
719 705 821 773 oritur,
846 703 970 777 quiiper
993 704 1199 774 pentapodism
1226 703 1421 774 dactylicam

275 795 388 863 crescit,
412 794 580 849 diminuitur
599 800 695 848 sutem
718 811 769 865 per
788 793 941 849 dimetrum
964 793 1155 863 trochaicum,
1178 793 1235 864 qui
1256 794 1421 864 stropham
1551 793 1552 870 ή

274 884 391 939 clandit.
432 884 548 940 Summo
573 884 633 938 iure
657 889 753 938 autem
777 883 825 937 hic
848 882 999 953 rhythmus
1023 882 1171 938 descendit
1193 883 1247 950 (V.
1274 883 1322 953 8),
1349 899 1421 937 nom
1551 877 1552 910 ί

274 981 424 1046 postquem
451 974 536 1031 modo
559 975 683 1030 numeris
706 973 900 1046 vegetioribus
927 973 962 1029 de
987 973 1149 1029 viventibus
1176 972 1421 1046 (δερκομένοισιν

272 1109 291 1117 -
303 1091 322 1117 υ
332 1090 351 1117 υ
362 1109 381 1117 -
391 1067 419 1136 .)
439 1064 612 1133 dictumest,
631 1081 717 1134 nunc,
736 1064 786 1122 ubi
805 1064 840 1120 de
853 1064 946 1120 caecis
959 1063 1047 1118 verbs
1059 1063 1142 1132 fiunt,
1161 1069 1245 1119 certe
1267 1063 1419 1134 rhythmo

273 1169 372 1209 severo
385 1170 418 1209 cc
437 1154 535 1224 quicto
555 1170 626 1225 opus
645 1160 714 1209 erat.
751 1153 816 1209 Hoc
835 1154 865 1208 in
883 1153 1092 1225 antistrophico
1111 1169 1228 1224 quoque
1250 1169 1346 1208 versu
1367 1171 1418 1208 ex-

273 1260 401 1314 pressum
419 1250 474 1298 est:
497 1245 544 1297 καί
562 1239 692 1311 δυσήλιον
709 1241 822 1312 κνέφας,
846 1243 896 1297 ubi
918 1244 988 1299 item
1008 1242 1139 1314 caliginis
1162 1243 1280 1297 mentio
1307 1243 1418 1312 rhyth-

273 1349 349 1386 mum
368 1331 505 1388 leniorem
523 1333 700 1405 praescribit.
1551 1363 1552 1414 ρ

448 1611 450 1616 Ι
486 1542 516 1611 h)
534 1541 630 1609 iambi,
649 1541 786 1626 dochmii:
806 1541 980 1596 clauduntur
999 1539 1173 1611 logaoedico.

362 1649 467 1721 Suppl.
486 1650 554 1704 3552
684 1706 690 1718 ,

451 1735 486 1793 σύ
504 1756 547 1792 τοι
566 1735 653 1804 πόλις,
673 1731 707 1792 σύ
727 1736 757 1791 δὲ
775 1732 808 1792 τό
827 1734 927 1806 δήμιον
1036 1764 1053 1790 o
1095 1765 1113 1790 o
1209 1765 1228 1790 o
1241 1765 1261 1790 υ
1308 1766 1329 1792 υ

450 1823 583 1900 πρύτανις
601 1817 715 1899 ἄκριτος
733 1817 782 1891 τόν,
820 1815 823 1820 ’

450 1917 596 1990 κρατύνεις
612 1913 719 1989 βωμόν,
738 1912 831 1972 ἑστίαν
849 1913 962 1986 χθονός,
1037 1944 1056 1971 υ
1068 1950 1102 1970 ι-
1115 1951 1150 1972 ι.
1162 1965 1180 1971 -
1192 1945 1210 1970 o
1222 1965 1243 1972 ,
1256 1945 1276 1970 υ
1289 1965 1310 1971 -
1323 1945 1343 1970 υ
1356 1936 1375 1970 2

450 2002 641 2077 μονοψήφοισι
659 2002 793 2074 νεύμασιν
811 2004 902 2071 σέθεν,
1037 2033 1055 2060 o
1067 2041 1102 2059 h
1115 2040 1150 2059 ι-
1162 2053 1180 2060 „
1192 2033 1210 2060 o
1221 2053 1242 2060 „
1255 2034 1276 2060 o
1288 2055 1309 2061 ,
1322 2033 1342 2060 o
1355 2025 1374 2058 u

449 2091 685 2167 μονοσκήπτροισι
704 2091 727 2150 δ’
746 2090 778 2150 έν
795 2091 910 2168 θρόνοις
927 2093 1009 2167 χρέος
1035 2123 1053 2149 o
1066 2129 1100 2149 μ
1113 2131 1148 2149 ε.
1160 2143 1178 2150 -
1190 2123 1208 2148 o
1220 2145 1239 2150 -
1253 2124 1273 2150 o
1287 2143 1306 2150 -
1319 2124 1339 2150 υ
1352 2113 1372 2148 o
1391 2097 1407 2148 5

449 2189 505 2239 πᾶν
522 2180 696 2256 ἐπικραίνεις·
717 2174 785 2256 ἄγος
803 2180 953 2253 φυλάσσου,
1035 2205 1052 2240 ,ι
1065 2213 1083 2239 υ
1095 2213 1113 2238 υ
1126 2219 1160 2239 ι.
1172 2233 1190 2239 -
1202 2213 1220 2238 o
1233 2233 1253 2240 -
1266 2213 1286 2239 o
1303 2233 1319 2240 -
1332 2215 1351 2240 υ

361 2276 445 2342 Quod
468 2277 525 2330 iam
548 2276 661 2347 saepius
683 2277 714 2330 in
737 2275 882 2346 precibus,
906 2293 979 2347 quse
999 2277 1035 2331 ed
1055 2276 1122 2332 deos
1141 2277 1187 2332 vel
1207 2276 1245 2330 sd
1266 2277 1405 2332 homines

272 2369 434 2436 mittuntur,
453 2366 674 2435 observavimus,
699 2367 745 2421 hic
764 2365 855 2420 vaiet:
879 2383 915 2421 ex
934 2367 1076 2445 rhythmis
1095 2366 1211 2437 agitatis
1230 2383 1267 2421 ac
1288 2383 1403 2421 summo

272 2457 430 2511 animorum
443 2461 587 2510 commotu
606 2454 734 2525 prolatis,
753 2470 849 2509 versus
862 2456 1001 2524 oriuntur,
1020 2456 1069 2526 qui
1088 2455 1200 2526 placide
1214 2472 1249 2510 ac
1269 2457 1403 2527 graviter

271 2546 409 2610 labuntur
428 2546 561 2617 omnique
585 2545 777 2616 trepidatione
797 2551 903 2600 carent.
941 2545 988 2601 Sic
1007 2551 1072 2616 post
1095 2545 1242 2600 dochmios
1268 2552 1331 2602 tres
1351 2545 1402 2600 tri-

272 2636 356 2690 metri
373 2635 489 2690 iambici
508 2636 657 2706 syncopati
678 2635 778 2690 eadem
797 2635 890 2706 specie
909 2635 1003 2690 induti
1022 2635 1170 2706 leguntur,
1193 2636 1242 2706 qui
1263 2637 1400 2691 maiests·

272 2731 330 2780 tem
354 2732 440 2796 atque
464 2726 664 2780 auctoritatem
688 2727 762 2797 regis
782 2727 954 2797 exprimunt.
991 2726 1092 2780 Finem
1115 2726 1185 2780 facit
1208 2725 1400 2798 logaoedicus

271 2817 334 2884 ille,
353 2832 438 2887 quem
455 2816 512 2869 iam
531 2815 609 2886 Sept.
630 2817 691 2884 767,
715 2816 775 2884 834,
799 2815 876 2870 Pers.
897 2817 957 2884 287,
980 2815 1032 2870 988
1050 2817 1219 2871 invenimus.
1257 2817 1317 2886 (De
1337 2817 1399 2870 ictu

271 2907 301 2959 in
319 2925 337 2957 ι
349 2931 368 2958 o
379 2931 397 2957 υ
409 2922 442 2957 ι’-
455 2949 474 2957 -
487 2907 543 2959 πᾶν
561 2901 727 2977 ἐπικραίνεις
745 2906 802 2959 iam
820 2921 885 2975 pag.
906 2906 939 2959 76
958 2905 1046 2960 verba
1065 2906 1202 2972 fecimus.)

360 3113 380 3182 i)
399 3111 495 3180 iambi,
514 3111 702 3182 pherecratei,
721 3110 891 3165 choriambi:
911 3110 1084 3166 clauduntur
1103 3112 1300 3183 pherecraten,

360 3223 462 3287 Agim.
482 3221 549 3275 1792

271 3310 354 3363 πνοαί
373 3303 397 3362 δ’
417 3301 473 3364 ύπό
493 3305 657 3380 Στρυμόνος
674 3311 810 3376 μολοῦσαι

270 3396 446 3467 κακόσχολοι,
465 3394 598 3466 νήστιδες,
617 3395 752 3470 δύσορμοι

270 3490 380 3558 βροτῶν
398 3480 470 3553 όίλαι,
488 3493 560 3541 νεῶν
573 3506 604 3541 τε
616 3488 663 3541 καί
675 3483 835 3556 πεισμάτων
848 3483 970 3558 ἀφειδεῖς
986 3516 1086 3544 σευ-
1121 3517 1166 3544 „o
1219 3517 1321 3544 „o-o
1375 3536 1392 3544 -

271 3572 432 3646 παλιμμήκη
448 3572 551 3648 χρόνον
568 3580 687 3631 τιθεῖσαι

270 3667 356 3740 τρίβῳ
375 3665 539 3732 κατέξαινον
556 3659 644 3730 ἄνθος
659 3655 778 3740 Ἄργους.

270 3752 331 3811 ἐπεὶ
350 3754 381 3810 δὲ
398 3757 444 3810 καί
463 3759 564 3827 πικροῦ

269 3847 399 3915 χείματος
416 3835 483 3900 όιλλο
501 3849 594 3916 μήχαρ

269 3930 436 4007 βριθύτερον
454 3931 603 4006 πρόμοισιν

270 4021 367 4093 μάντις
386 4017 516 4094 ἔκλαγξεν
533 4023 684 4096 προφέρων

266 4107 399 4185 Ἄρτεμιν,
418 4103 491 4168 ὥστε
509 4110 601 4183 χθόνα
618 4100 684 4186 βόικ-
733 4153 734 4160 1

270 4223 345 4276 τροις
363 4194 581 4275 ἐπικρούσαντας
599 4198 693 4275 Ἀτρεί-

270 4297 320 4358 δας
338 4290 425 4365 δάκρυ
442 4287 481 4362 μή
498 4300 655 4363 κατασχεῖν.
