3176 5060
674 323 919 381 -119-

742 601 861 698 vita.
925 674 928 680 ,

329 779 421 833 Natus
444 795 498 848 ego
525 795 596 845 sum,
624 776 786 834 Fridericus
809 777 953 830 Arthurus
976 776 1102 830 Preuss
1125 767 1241 846 Lipsiae
1269 773 1360 846 pridie

168 868 183 908 '·
241 869 337 923 Nonas
364 867 545 938 Septembres
573 868 640 926 anni
669 865 932 920 MDGCGLXXIII
960 871 1042 936 patre
1071 863 1216 918 Friderico
1239 865 1361 922 Aemilio

241 959 352 1024 Preuss‚
375 957 424 1026 qui
447 955 564 1009 rectoris
587 955 730 1025 gymnasii
748 953 944 1024 Fribergensis
968 971 1084 1008 munere
1110 952 1204 1008 adhuc
1223 954 1362 1024 fungitur,
1415 986 1420 998 ·

241 1053 270 1102 et
292 1051 382 1100 matre
406 1045 585 1112 Clementina
608 1044 693 1098 Clara
716 1061 732 1098 0
755 1049 842 1113 gente
862 1042 1015 1111 Domdera,
1043 1060 1114 1114 quos
1143 1043 1242 1097 ambos
1269 1043 1362 1096 salros

241 1136 310 1190 mihi
329 1152 389 1189 esse
407 1132 518 1204 gaudeo
537 1133 693 1204 laetorque.
731 1132 832 1188 Fidem
850 1132 986 1203 profiteor
1004 1133 1190 1186 christianam
1204 1149 1221 1186 a
1233 1127 1362 1186 Luthero

241 1225 271 1278 in
288 1225 432 1293 integrum
450 1223 621 1277 restitutam.
652 1222 829 1276 Litterarum
847 1221 1017 1275 rudimentis
1035 1220 1163 1275 imbutus
1182 1238 1245 1275 sum
1263 1221 1362 1275 schola

240 1313 422 1368 Nicolaitana
454 1312 609 1383 Lipsiensi,
642 1328 715 1381 quae
750 1311 884 1380 Vogelio,
917 1317 979 1365 tum
1012 1310 1171 1380 Mayhoffio
1203 1311 1363 1366 rectoribus

241 1401 370 1456 florebat,
407 1401 562 1471 Postquam
586 1401 702 1456 tertium
725 1399 867 1454 decimum
886 1400 989 1454 aetatis
1008 1407 1114 1453 annum
1137 1400 1255 1469 excessi,
1279 1398 1363 1454 domo
1417 1441 1421 1447 .

241 1498 361 1561 paterna
387 1490 489 1544 relicta
515 1489 546 1542 in
570 1489 697 1543 scholam
722 1490 829 1559 regiam
854 1488 915 1544 Sti·
941 1489 1098 1558 Augustini
1121 1506 1210 1558 prope
1235 1489 1363 1543 Grimam

242 1580 338 1646 sitam,
366 1579 411 1634 cui
435 1579 557 1648 primum
582 1577 757 1642 Schnellius‚
789 1584 850 1630 tum
875 1577 1032 1630 Bernhardi
1057 1582 1201 1648 praeerat,
1230 1577 1363 1631 alumnus

241 1674 372 1738 receptus
404 1685 473 1722 sum.
516 1667 588 1720 Oum
617 1684 714 1721 omnes
742 1672 943 1736 praeceptores
971 1672 1032 1720 tum
1061 1666 1250 1732 Schnellium,
1279 1667 1359 1720 cuius

242 1773 316 1811 mors
346 1763 529 1826 praematura
556 1758 667 1825 semper
695 1756 765 1808 mihi
795 1755 849 1808 erit
882 1753 1072 1825 deploranda,
1106 1764 1135 1810 et
1164 1754 1363 1809 Poeschelium

241 1846 376 1900 memoria
408 1851 491 1915 grata
521 1861 684 1915 prosequar.
734 1843 969 1914 Quinquennium
996 1844 1038 1897 ibi
1070 1850 1196 1899 moratus
1224 1849 1254 1898 et
1285 1846 1364 1898 testi-

242 1934 367 1988 monium
396 1934 570 1987 maturitatis
598 1931 720 2002 adeptus
742 1932 869 2003 Lipsiam
899 1949 942 1986 me
971 1932 1080 1986 contuli
1105 1937 1134 1986 et
1158 1933 1187 1985 in
1215 1949 1363 1987 numerum

242 2022 345 2076 civium
365 2021 527 2076 academiae
540 2021 696 2091 Lipsiensis
715 2021 896 2076 referendum
915 2038 960 2075 me
979 2021 1076 2074 curavi
1095 2019 1253 2091 studiisque
1272 2021 1363 2091 philo·

242 2110 342 2181 logicis
361 2116 390 2164 et
408 2110 633 2180 archaeologicis
646 2109 771 2164 incubui.
809 2110 977 2164 Docuerunt
990 2127 1034 2164 me
1048 2110 1101 2164 viri
1115 2109 1263 2164 clarissimi
1277 2117 1364 2180 atque

243 2198 451 2252 humanissimi:
472 2197 672 2266 Biedermann,
690 2198 864 2268 Bragmann,
877 2199 998 2266 Heinze,
1011 2199 1167 2266 Hofmann,
1181 2199 1364 2270 Lamprecht,

242 2287 364 2357 Lipsius,
376 2286 498 2352 Marclrs‚
509 2287 667 2355 Overbeclr‚
677 2287 759 2355 Paul,
770 2288 904 2354 Pirclrert,
914 2286 1053 2350 Ribbeck,
1064 2287 1192 2352 Richter,
1204 2287 1364 2355 Schreiber,

242 2375 362 2443 8101010,
374 2376 579 2440 Wachsmuth,
598 2374 717 2429 Wundt.
754 2373 825 2430 (lum
845 2393 896 2445 per
920 2375 976 2429 duo
1000 2376 1147 2430 semestris
1166 2377 1364 2445 proseminarii

243 2464 496 2518 exercitationibus
514 2465 677 2518 Immischio
695 2464 767 2519 duce
786 2465 987 2530 interfuissem,
1006 2465 1150 2519 seminarii
1169 2465 1253 2535 Regii
1272 2465 1364 2535 philo·

241 2552 335 2622 logici,
356 2553 432 2623 quod
452 2560 513 2607 tum
532 2554 653 2624 Lipsius
672 2553 856 2622 Ribbeckius‚
876 2554 1110 2608 Wachsmuthius
1123 2553 1270 2623 regebant,
1290 2554 1363 2608 ordi·

242 2641 337 2694 narius
365 2643 462 2696 exstiti
492 2642 597 2696 sodalis
625 2649 654 2697 et
682 2660 732 2713 per
763 2644 820 2696 tria
851 2643 998 2697 semestris
1030 2642 1125 2696 officia
1152 2643 1296 2712 praestiti;
1328 2643 1364 2697 ad

242 2729 384 2783 seminarii
404 2731 591 2802 paedagogici
616 2732 836 2786 exercitationes
861 2732 981 2786 comiter
1004 2749 1048 2786 me
1068 2731 1183 2785 admisit
1202 2730 1363 2786 Richterus.

244 2817 436 2873 Societatibus
463 2820 645 2890 philologieis
674 2825 707 2874 ut
735 2821 901 2875 interessem
925 2820 1049 2891 benigne
1074 2820 1143 2873 mihi
1162 2825 1364 2874 concesserunt

242 2907 356 2977 Lipsius
379 2923 413 2962 ac
437 2907 621 2976 Ribbeckius,
650 2908 874 2978 archaeologicis
898 2909 1088 2963 Schneiderus
1116 2915 1145 2963 et
1171 2909 1365 2964 Schreiberus.

243 2995 396 3050 Praeterea
420 2998 451 3051 in
474 2999 677 3068 proseminario
700 2996 848 3051 theodisco
868 3015 918 3067 per
938 3014 1043 3051 annum
1063 2997 1223 3068 adscriptus
1245 2997 1365 3052 1111810-

244 3085 334 3140 versio
354 3085 492 3155 praeside.

331 3172 443 3236 Quibus
468 3174 599 3227 omnibus
623 3175 690 3227 viris
713 3175 924 3229 humanissimis
942 3175 1065 3245 gratiam
1084 3175 1177 3228 habeo
1196 3191 1364 3244 semperque

243 3259 366 3325 habebo,
385 3260 524 3329 imprimis
542 3267 639 3316 autem
659 3280 695 3315 ex
713 3263 814 3317 intimo
832 3270 948 3333 pectore
965 3264 1054 3317 iustas
1071 3280 1105 3317 ac
1125 3247 1237 3316 debitas
1256 3263 1365 3333 gratias

244 3365 298 3418 ago
317 3365 381 3402 cum
400 3349 531 3414 Heinzi0‚
551 3349 657 3419 Lipsio,
681 3351 863 3419 Schreibem,
889 3353 937 3422 qui
957 3353 1028 3406 mira
1047 3350 1181 3406 adversus
1201 3368 1245 3405 me
1264 3351 1364 3422 benig·

244 3437 335 3491 nitate
363 3436 459 3491 studia
487 3454 550 3491 mea
578 3438 749 3493 adiuverunt
777 3457 945 3510 semperque
974 3457 1067 3495 comes
1091 3457 1124 3494 ac
1147 3440 1280 3496 liberales
1304 3458 1365 3496 sese

244 3527 457 3594 praestiterunt,
486 3532 547 3580 tum
571 3526 616 3581 vel
640 3529 762 3582 maxime
792 3529 958 3597 Ribbeckio,
987 3531 1035 3600 qui
1059 3530 1154 3584 studia
1177 3546 1240 3584 mea
1263 3531 1366 3585 libera·

245 3612 349 3668 lissime
373 3614 453 3670 fovit.
490 3615 617 3686 Semper,
645 3615 712 3670 dum
737 3618 822 3687 spim,
851 3624 934 3688 grato
962 3619 1057 3672 animo
1081 3635 1114 3672 ac
1138 3619 1186 3689 pia
1205 3621 1365 3674 reverentia

244 3703 365 3772 vestigia
383 3720 480 3757 eorum
499 3705 631 3774 persequi
650 3704 822 3759 contendam
841 3712 870 3761 et
889 3707 1011 3762 studebo
1029 3708 1249 3778 memoriamque
1268 3725 1364 3762 eorum

245 3791 350 3845 fovebo
370 3809 403 3846 ac
422 3793 523 3848 colam.
