<?xml version="1.0" encoding="UTF-8"?>
<!DOCTYPE html PUBLIC "-//W3C//DTD XHTML 1.0 Transitional//EN"
    "http://www.w3.org/TR/xhtml1/DTD/xhtml1-transitional.dtd">
<html xmlns="http://www.w3.org/1999/xhtml" xml:lang="en" lang="en">
 <head>
  <title>
</title>
<meta http-equiv="Content-Type" content="text/html;charset=utf-8" />
  <meta name='ocr-system' content='tesseract 3.04.00' />
  <meta name='ocr-capabilities' content='ocr_page ocr_carea ocr_par ocr_line ocrx_word'/>
</head>
<body>
  <div class='ocr_page' id='page_1' title='image "./deversuumiambic00preugoog_0025.png"; bbox 0 0 3176 5060; ppageno 0'>
   <div class='ocr_carea' id='block_1_1' title="bbox 689 280 909 338">
    <p class='ocr_par' dir='ltr' id='par_1_1' title="bbox 689 280 909 338">
     <span class='ocr_line' id='line_1_1' title="bbox 689 280 909 338; baseline 0 -18"><span class='ocrx_word' id='word_1_1' title='bbox 689 280 909 338; x_wconf 75' lang='lat'>..20—</span> 
     </span>
    </p>
   </div>
   <div class='ocr_carea' id='block_1_2' title="bbox 237 445 1389 3723">
    <p class='ocr_par' dir='ltr' id='par_1_2' title="bbox 238 445 1367 611">
     <span class='ocr_line' id='line_1_2' title="bbox 238 445 1367 519; baseline -0.005 -14"><span class='ocrx_word' id='word_1_2' title='bbox 238 451 392 506; x_wconf 89' lang='lat' dir='ltr'>Praeterea</span> <span class='ocrx_word' id='word_1_3' title='bbox 419 467 467 506; x_wconf 89' lang='lat' dir='ltr'>eos</span> <span class='ocrx_word' id='word_1_4' title='bbox 495 451 586 506; x_wconf 90' lang='lat' dir='ltr'>solum</span> <span class='ocrx_word' id='word_1_5' title='bbox 610 467 707 504; x_wconf 86' lang='lat' dir='ltr'>versus</span> <span class='ocrx_word' id='word_1_6' title='bbox 734 447 907 514; x_wconf 78' lang='lat' dir='ltr'><strong>exscribam,</strong></span> <span class='ocrx_word' id='word_1_7' title='bbox 936 447 1040 519; x_wconf 85' lang='lat' dir='ltr'>quibus</span> <span class='ocrx_word' id='word_1_8' title='bbox 1068 453 1227 502; x_wconf 88' lang='lat' dir='ltr'>memoratu</span> <span class='ocrx_word' id='word_1_9' title='bbox 1255 445 1367 516; x_wconf 88' lang='lat' dir='ltr'>aliquid</span> 
     </span>
     <span class='ocr_line' id='line_1_3' title="bbox 238 538 886 611; baseline -0.005 -17"><span class='ocrx_word' id='word_1_10' title='bbox 238 539 355 611; x_wconf 85' lang='lat' dir='ltr'>dignum</span> <span class='ocrx_word' id='word_1_11' title='bbox 377 539 510 608; x_wconf 90' lang='lat' dir='ltr'>occurrit,</span> <span class='ocrx_word' id='word_1_12' title='bbox 529 539 601 594; x_wconf 87' lang='lat' dir='ltr'>alios</span> <span class='ocrx_word' id='word_1_13' title='bbox 619 538 745 593; x_wconf 89' lang='lat' dir='ltr'>laudabo</span> <span class='ocrx_word' id='word_1_14' title='bbox 764 543 886 593; x_wconf 89' lang='lat' dir='ltr'>tantum.</span> 
     </span>
    </p>

    <p class='ocr_par' dir='ltr' id='par_1_3' title="bbox 327 629 622 685">
     <span class='ocr_line' id='line_1_4' title="bbox 327 629 622 685; baseline 0 -1"><span class='ocrx_word' id='word_1_15' title='bbox 327 630 412 685; x_wconf 86' lang='lat' dir='ltr'>Pers.</span> <span class='ocrx_word' id='word_1_16' title='bbox 431 630 485 684; x_wconf 85' lang='grc'>070</span> <span class='ocrx_word' id='word_1_17' title='bbox 503 650 539 681; x_wconf 77' lang='grc' dir='ltr'>ω</span> <span class='ocrx_word' id='word_1_18' title='bbox 557 629 622 684; x_wconf 76' lang='grc'>003.</span> 
     </span>
    </p>

    <p class='ocr_par' dir='ltr' id='par_1_4' title="bbox 237 709 1370 1931">
     <span class='ocr_line' id='line_1_5' title="bbox 254 709 1367 785; baseline -0.007 -11"><span class='ocrx_word' id='word_1_19' title='bbox 254 775 256 782; x_wconf 17' lang='grc' dir='ltr'><em>Α</em></span> <span class='ocrx_word' id='word_1_20' title='bbox 327 720 413 774; x_wconf 85' lang='lat' dir='ltr'>Pers.</span> <span class='ocrx_word' id='word_1_21' title='bbox 434 718 519 773; x_wconf 73' lang='lat'>10182</span> <span class='ocrx_word' id='word_1_22' title='bbox 544 717 682 784; x_wconf 77' lang='grc' dir='ltr'><strong><em>διαίνομαι</em></strong></span> <span class='ocrx_word' id='word_1_23' title='bbox 701 709 818 785; x_wconf 80' lang='grc' dir='ltr'><em>γοεδνὸς</em></span> <span class='ocrx_word' id='word_1_24' title='bbox 836 710 878 770; x_wconf 88' lang='grc' dir='ltr'>ιόν</span> <span class='ocrx_word' id='word_1_25' title='bbox 896 737 932 768; x_wconf 73' lang='grc' dir='ltr'>ω</span> <span class='ocrx_word' id='word_1_26' title='bbox 951 718 1022 771; x_wconf 91' lang='grc'>1010</span> <span class='ocrx_word' id='word_1_27' title='bbox 1040 709 1102 768; x_wconf 76' lang='grc' dir='ltr'><strong><em>αἰαῖ</em></strong></span> <span class='ocrx_word' id='word_1_28' title='bbox 1116 710 1187 780; x_wconf 79' lang='grc' dir='ltr'><strong><em>αἰαῖ,</em></strong></span> <span class='ocrx_word' id='word_1_29' title='bbox 1211 711 1279 778; x_wconf 85' lang='grc' dir='ltr'><strong><em>δύα,</em></strong></span> <span class='ocrx_word' id='word_1_30' title='bbox 1303 709 1367 767; x_wconf 83' lang='grc' dir='ltr'>δύα.</span> 
     </span>
     <span class='ocr_line' id='line_1_6' title="bbox 237 803 1368 871; baseline -0.004 -11"><span class='ocrx_word' id='word_1_31' title='bbox 237 807 381 862; x_wconf 91' lang='lat' dir='ltr'>Versuum</span> <span class='ocrx_word' id='word_1_32' title='bbox 405 806 500 860; x_wconf 89' lang='lat' dir='ltr'>locum</span> <span class='ocrx_word' id='word_1_33' title='bbox 524 823 587 859; x_wconf 92' lang='lat' dir='ltr'>cum</span> <span class='ocrx_word' id='word_1_34' title='bbox 612 805 730 859; x_wconf 88' lang='lat' dir='ltr'>Butlero</span> <span class='ocrx_word' id='word_1_35' title='bbox 754 811 784 860; x_wconf 88' lang='lat' dir='ltr'>et</span> <span class='ocrx_word' id='word_1_36' title='bbox 807 805 950 859; x_wconf 85' lang='lat' dir='ltr'>Passowie</span> <span class='ocrx_word' id='word_1_37' title='bbox 974 804 1096 871; x_wconf 86' lang='lat' dir='ltr'>mutavi,</span> <span class='ocrx_word' id='word_1_38' title='bbox 1120 819 1186 857; x_wconf 88' lang='lat' dir='ltr'>nam</span> <span class='ocrx_word' id='word_1_39' title='bbox 1210 803 1235 857; x_wconf 91' lang='lat' dir='ltr'>si</span> <span class='ocrx_word' id='word_1_40' title='bbox 1254 803 1368 858; x_wconf 82' lang='lat' dir='ltr'>Xerxes</span> 
     </span>
     <span class='ocr_line' id='line_1_7' title="bbox 238 892 1367 965; baseline -0.004 -15"><span class='ocrx_word' id='word_1_41' title='bbox 238 897 357 951; x_wconf 90' lang='lat' dir='ltr'>chorum</span> <span class='ocrx_word' id='word_1_42' title='bbox 375 896 465 964; x_wconf 91' lang='lat' dir='ltr'>iubet,</span> <span class='ocrx_word' id='word_1_43' title='bbox 484 895 677 949; x_wconf 79' lang='lat' dir='ltr'><strong>calamitatem</strong></span> <span class='ocrx_word' id='word_1_44' title='bbox 691 894 840 965; x_wconf 87' lang='lat' dir='ltr'>deplorare</span> <span class='ocrx_word' id='word_1_45' title='bbox 861 895 966 959; x_wconf 80' lang='grc' dir='ltr'>(δίαινε,</span> <span class='ocrx_word' id='word_1_46' title='bbox 985 893 1071 947; x_wconf 85' lang='grc' dir='ltr'><strong><em>διἀινε</em></strong></span> <span class='ocrx_word' id='word_1_47' title='bbox 1083 897 1162 960; x_wconf 85' lang='grc' dir='ltr'><strong><em>πῆμα</em></strong></span> <span class='ocrx_word' id='word_1_48' title='bbox 1173 936 1178 947; x_wconf 95' lang='grc'>.</span> <span class='ocrx_word' id='word_1_49' title='bbox 1191 933 1196 946; x_wconf 93' lang='grc'>.</span> <span class='ocrx_word' id='word_1_50' title='bbox 1209 893 1228 962; x_wconf 96' lang='grc'>.)</span> <span class='ocrx_word' id='word_1_51' title='bbox 1248 892 1367 947; x_wconf 89' lang='lat' dir='ltr'>chorum</span> 
     </span>
     <span class='ocr_line' id='line_1_8' title="bbox 239 983 1367 1055; baseline -0.004 -16"><span class='ocrx_word' id='word_1_52' title='bbox 239 991 316 1039; x_wconf 89' lang='lat' dir='ltr'>certe</span> <span class='ocrx_word' id='word_1_53' title='bbox 338 984 509 1055; x_wconf 90' lang='lat' dir='ltr'>respondere</span> <span class='ocrx_word' id='word_1_54' title='bbox 534 990 739 1054; x_wconf 80' lang='lat' dir='ltr'>exspectamus.</span> <span class='ocrx_word' id='word_1_55' title='bbox 778 983 833 1038; x_wconf 87' lang='lat' dir='ltr'>Sed</span> <span class='ocrx_word' id='word_1_56' title='bbox 852 985 906 1038; x_wconf 92' lang='lat' dir='ltr'>hoc</span> <span class='ocrx_word' id='word_1_57' title='bbox 926 1000 983 1038; x_wconf 92' lang='lat' dir='ltr'>uno</span> <span class='ocrx_word' id='word_1_58' title='bbox 1003 989 1117 1037; x_wconf 87' lang='lat' dir='ltr'>tantum</span> <span class='ocrx_word' id='word_1_59' title='bbox 1135 999 1219 1036; x_wconf 85' lang='lat' dir='ltr'>versu</span> <span class='ocrx_word' id='word_1_60' title='bbox 1245 987 1367 1052; x_wconf 87' lang='lat' dir='ltr'>excepto</span> 
     </span>
     <span class='ocr_line' id='line_1_9' title="bbox 239 1070 1369 1141; baseline -0.003 -14"><span class='ocrx_word' id='word_1_61' title='bbox 239 1073 394 1127; x_wconf 88' lang='lat' dir='ltr'>videndum</span> <span class='ocrx_word' id='word_1_62' title='bbox 414 1079 465 1140; x_wconf 86' lang='lat' dir='ltr'>est,</span> <span class='ocrx_word' id='word_1_63' title='bbox 485 1089 520 1126; x_wconf 92' lang='lat' dir='ltr'>ue</span> <span class='ocrx_word' id='word_1_64' title='bbox 540 1079 652 1126; x_wconf 86' lang='lat' dir='ltr'>textum</span> <span class='ocrx_word' id='word_1_65' title='bbox 665 1071 794 1126; x_wconf 90' lang='lat' dir='ltr'>versibus</span> <span class='ocrx_word' id='word_1_66' title='bbox 808 1070 1018 1126; x_wconf 82' lang='lat' dir='ltr'><strong>commutandis</strong></span> <span class='ocrx_word' id='word_1_67' title='bbox 1037 1077 1067 1125; x_wconf 86' lang='lat' dir='ltr'>et</span> <span class='ocrx_word' id='word_1_68' title='bbox 1085 1070 1307 1141; x_wconf 79' lang='lat' dir='ltr'>transponendis</span> <span class='ocrx_word' id='word_1_69' title='bbox 1325 1071 1369 1124; x_wconf 88' lang='lat' dir='ltr'>ni·</span> 
     </span>
     <span class='ocr_line' id='line_1_10' title="bbox 239 1159 1367 1231; baseline -0.004 -15"><span class='ocrx_word' id='word_1_70' title='bbox 239 1163 327 1216; x_wconf 90' lang='lat' dir='ltr'>mium</span> <span class='ocrx_word' id='word_1_71' title='bbox 351 1161 545 1216; x_wconf 77' lang='lat' dir='ltr'>sollicitemus.</span> <span class='ocrx_word' id='word_1_72' title='bbox 582 1161 683 1231; x_wconf 85' lang='lat' dir='ltr'><strong>Neque</strong></span> <span class='ocrx_word' id='word_1_73' title='bbox 703 1161 777 1214; x_wconf 90' lang='lat' dir='ltr'>enim</span> <span class='ocrx_word' id='word_1_74' title='bbox 797 1161 945 1214; x_wconf 92' lang='lat' dir='ltr'>hominum</span> <span class='ocrx_word' id='word_1_75' title='bbox 969 1177 999 1214; x_wconf 89' lang='lat' dir='ltr'>re</span> <span class='ocrx_word' id='word_1_76' title='bbox 1024 1159 1143 1214; x_wconf 82' lang='lat' dir='ltr'>adversa</span> <span class='ocrx_word' id='word_1_77' title='bbox 1168 1175 1367 1230; x_wconf 88' lang='lat' dir='ltr'>oppressorum</span> 
     </span>
     <span class='ocr_line' id='line_1_11' title="bbox 239 1249 1368 1321; baseline -0.004 -15"><span class='ocrx_word' id='word_1_78' title='bbox 239 1259 296 1321; x_wconf 90' lang='lat' dir='ltr'>est,</span> <span class='ocrx_word' id='word_1_79' title='bbox 320 1250 474 1320; x_wconf 82' lang='lat' dir='ltr'>diligenter</span> <span class='ocrx_word' id='word_1_80' title='bbox 493 1249 530 1304; x_wconf 92' lang='lat' dir='ltr'>ad</span> <span class='ocrx_word' id='word_1_81' title='bbox 549 1267 583 1305; x_wconf 90' lang='lat' dir='ltr'>ea</span> <span class='ocrx_word' id='word_1_82' title='bbox 601 1250 786 1321; x_wconf 86' lang='lat' dir='ltr'>respondere,</span> <span class='ocrx_word' id='word_1_83' title='bbox 810 1267 883 1320; x_wconf 90' lang='lat' dir='ltr'>quae</span> <span class='ocrx_word' id='word_1_84' title='bbox 903 1267 940 1303; x_wconf 86' lang='lat' dir='ltr'>ex</span> <span class='ocrx_word' id='word_1_85' title='bbox 963 1250 1003 1304; x_wconf 88' lang='lat' dir='ltr'>eis</span> <span class='ocrx_word' id='word_1_86' title='bbox 1023 1249 1153 1318; x_wconf 85' lang='lat' dir='ltr'>quaesita</span> <span class='ocrx_word' id='word_1_87' title='bbox 1177 1255 1257 1316; x_wconf 86' lang='lat' dir='ltr'>sunt,</span> <span class='ocrx_word' id='word_1_88' title='bbox 1281 1249 1368 1303; x_wconf 91' lang='lat' dir='ltr'>immo</span> 
     </span>
     <span class='ocr_line' id='line_1_12' title="bbox 240 1336 1370 1410; baseline -0.004 -16"><span class='ocrx_word' id='word_1_89' title='bbox 240 1341 321 1395; x_wconf 92' lang='lat' dir='ltr'>dolor</span> <span class='ocrx_word' id='word_1_90' title='bbox 334 1339 370 1393; x_wconf 90' lang='lat' dir='ltr'>ad</span> <span class='ocrx_word' id='word_1_91' title='bbox 389 1346 500 1394; x_wconf 87' lang='lat' dir='ltr'>tantam</span> <span class='ocrx_word' id='word_1_92' title='bbox 518 1341 689 1409; x_wconf 81' lang='lat' dir='ltr'>gravitatem</span> <span class='ocrx_word' id='word_1_93' title='bbox 708 1356 874 1410; x_wconf 86' lang='lat' dir='ltr'>progressus</span> <span class='ocrx_word' id='word_1_94' title='bbox 893 1346 944 1406; x_wconf 87' lang='lat' dir='ltr'>est,</span> <span class='ocrx_word' id='word_1_95' title='bbox 963 1345 997 1392; x_wconf 88' lang='lat' dir='ltr'>ut</span> <span class='ocrx_word' id='word_1_96' title='bbox 1015 1337 1100 1408; x_wconf 86' lang='lat' dir='ltr'>longe</span> <span class='ocrx_word' id='word_1_97' title='bbox 1121 1336 1158 1391; x_wconf 91' lang='lat' dir='ltr'>ab</span> <span class='ocrx_word' id='word_1_98' title='bbox 1172 1345 1234 1391; x_wconf 89' lang='lat' dir='ltr'>arte</span> <span class='ocrx_word' id='word_1_99' title='bbox 1254 1337 1370 1408; x_wconf 87' lang='lat' dir='ltr'>poetica</span> 
     </span>
     <span class='ocr_line' id='line_1_13' title="bbox 240 1427 1368 1499; baseline -0.003 -16"><span class='ocrx_word' id='word_1_100' title='bbox 240 1429 365 1498; x_wconf 86' lang='lat' dir='ltr'>abesset,</span> <span class='ocrx_word' id='word_1_101' title='bbox 389 1430 413 1484; x_wconf 90' lang='lat' dir='ltr'>si</span> <span class='ocrx_word' id='word_1_102' title='bbox 436 1429 530 1499; x_wconf 91' lang='lat' dir='ltr'>logico</span> <span class='ocrx_word' id='word_1_103' title='bbox 555 1427 678 1499; x_wconf 89' lang='lat' dir='ltr'>quodam</span> <span class='ocrx_word' id='word_1_104' title='bbox 702 1428 801 1482; x_wconf 89' lang='lat' dir='ltr'>ordine</span> <span class='ocrx_word' id='word_1_105' title='bbox 825 1428 972 1498; x_wconf 87' lang='lat' dir='ltr'>responsio</span> <span class='ocrx_word' id='word_1_106' title='bbox 995 1427 1194 1497; x_wconf 88' lang='lat' dir='ltr'>quaestionem</span> <span class='ocrx_word' id='word_1_107' title='bbox 1213 1427 1368 1497; x_wconf 82' lang='lat' dir='ltr'>exciperet.</span> 
     </span>
     <span class='ocr_line' id='line_1_14' title="bbox 239 1515 1369 1588; baseline -0.003 -15"><span class='ocrx_word' id='word_1_108' title='bbox 239 1519 310 1573; x_wconf 84' lang='lat' dir='ltr'>Jure</span> <span class='ocrx_word' id='word_1_109' title='bbox 331 1517 715 1588; x_wconf 81' lang='lat' dir='ltr'>optimowilamowirzius1)</span> <span class='ocrx_word' id='word_1_110' title='bbox 734 1516 840 1582; x_wconf 91' lang='lat' dir='ltr'>docuit,</span> <span class='ocrx_word' id='word_1_111' title='bbox 860 1516 955 1570; x_wconf 89' lang='lat' dir='ltr'>locum</span> <span class='ocrx_word' id='word_1_112' title='bbox 974 1515 1051 1570; x_wconf 90' lang='lat' dir='ltr'>haud</span> <span class='ocrx_word' id='word_1_113' title='bbox 1064 1517 1106 1570; x_wconf 89' lang='lat' dir='ltr'>ita</span> <span class='ocrx_word' id='word_1_114' title='bbox 1120 1521 1286 1586; x_wconf 87' lang='lat' dir='ltr'>corruptum</span> <span class='ocrx_word' id='word_1_115' title='bbox 1299 1531 1369 1582; x_wconf 89' lang='lat' dir='ltr'>esse,</span> 
     </span>
     <span class='ocr_line' id='line_1_15' title="bbox 241 1605 1367 1678; baseline -0.004 -16"><span class='ocrx_word' id='word_1_116' title='bbox 241 1626 325 1678; x_wconf 89' lang='lat' dir='ltr'>quam</span> <span class='ocrx_word' id='word_1_117' title='bbox 340 1626 357 1662; x_wconf 88' lang='lat' dir='ltr'>a</span> <span class='ocrx_word' id='word_1_118' title='bbox 370 1608 513 1678; x_wconf 90' lang='lat' dir='ltr'>plerisque</span> <span class='ocrx_word' id='word_1_119' title='bbox 524 1608 592 1661; x_wconf 89' lang='lat' dir='ltr'>viris</span> <span class='ocrx_word' id='word_1_120' title='bbox 605 1607 697 1662; x_wconf 87' lang='lat' dir='ltr'>doctis</span> <span class='ocrx_word' id='word_1_121' title='bbox 709 1608 852 1662; x_wconf 88' lang='lat' dir='ltr'>iudicatus</span> <span class='ocrx_word' id='word_1_122' title='bbox 865 1608 910 1661; x_wconf 90' lang='lat' dir='ltr'>sit.</span> <span class='ocrx_word' id='word_1_123' title='bbox 942 1607 1021 1662; x_wconf 92' lang='lat' dir='ltr'>Bene</span> <span class='ocrx_word' id='word_1_124' title='bbox 1034 1607 1121 1660; x_wconf 85' lang='lat' dir='ltr'>etiarn</span> <span class='ocrx_word' id='word_1_125' title='bbox 1131 1605 1367 1677; x_wconf 72' lang='lat' dir='ltr'>Westphalim⁹):</span> 
     </span>
     <span class='ocr_line' id='line_1_16' title="bbox 242 1695 1370 1767; baseline -0.003 -16"><span class='ocrx_word' id='word_1_126' title='bbox 242 1713 289 1766; x_wconf 84' lang='lat' dir='ltr'>„es</span> <span class='ocrx_word' id='word_1_127' title='bbox 308 1697 418 1751; x_wconf 85' lang='lat' dir='ltr'>kommt</span> <span class='ocrx_word' id='word_1_128' title='bbox 429 1714 489 1765; x_wconf 86' lang='lat' dir='ltr'>vor,</span> <span class='ocrx_word' id='word_1_129' title='bbox 508 1696 572 1750; x_wconf 90' lang='lat' dir='ltr'>dass</span> <span class='ocrx_word' id='word_1_130' title='bbox 591 1695 688 1750; x_wconf 90' lang='lat' dir='ltr'>dican</span> <span class='ocrx_word' id='word_1_131' title='bbox 707 1695 857 1751; x_wconf 89' lang='lat' dir='ltr'>derselben</span> <span class='ocrx_word' id='word_1_132' title='bbox 871 1696 995 1767; x_wconf 86' lang='lat' dir='ltr'>Strophe</span> <span class='ocrx_word' id='word_1_133' title='bbox 1010 1695 1245 1750; x_wconf 90' lang='lat' dir='ltr'>teilnehmenden</span> <span class='ocrx_word' id='word_1_134' title='bbox 1259 1696 1370 1766; x_wconf 69' lang='lat' dir='ltr'>Singer</span> 
     </span>
     <span class='ocr_line' id='line_1_17' title="bbox 240 1775 1369 1857; baseline -0.001 -18"><span class='ocrx_word' id='word_1_135' title='bbox 240 1788 270 1840; x_wconf 93' lang='lat' dir='ltr'>iu</span> <span class='ocrx_word' id='word_1_136' title='bbox 290 1775 523 1857; x_wconf 83' lang='lat' dir='ltr'>der&#39;Heitigkeit</span> <span class='ocrx_word' id='word_1_137' title='bbox 542 1785 592 1840; x_wconf 88' lang='lat' dir='ltr'>des</span> <span class='ocrx_word' id='word_1_138' title='bbox 612 1786 778 1841; x_wconf 82' lang='lat' dir='ltr'>Schmerzes</span> <span class='ocrx_word' id='word_1_139' title='bbox 797 1787 850 1840; x_wconf 84' lang='lat' dir='ltr'>auf</span> <span class='ocrx_word' id='word_1_140' title='bbox 866 1786 912 1840; x_wconf 91' lang='lat' dir='ltr'>die</span> <span class='ocrx_word' id='word_1_141' title='bbox 932 1786 1149 1856; x_wconf 88' lang='lat' dir='ltr'>gegenscitigen</span> <span class='ocrx_word' id='word_1_142' title='bbox 1168 1786 1267 1840; x_wconf 91' lang='lat' dir='ltr'>Worte</span> <span class='ocrx_word' id='word_1_143' title='bbox 1287 1785 1369 1838; x_wconf 83' lang='lat' dir='ltr'>nicht</span> 
     </span>
     <span class='ocr_line' id='line_1_18' title="bbox 240 1875 1309 1931; baseline 0.003 -3"><span class='ocrx_word' id='word_1_144' title='bbox 240 1875 400 1929; x_wconf 80' lang='lat' dir='ltr'>Rircksicht</span> <span class='ocrx_word' id='word_1_145' title='bbox 417 1875 567 1929; x_wconf 82' lang='lat' dir='ltr'>nehmen.“</span> <span class='ocrx_word' id='word_1_146' title='bbox 1305 1923 1309 1931; x_wconf 93' lang='lat'>.</span> 
     </span>
    </p>

    <p class='ocr_par' dir='ltr' id='par_1_5' title="bbox 330 1963 1368 2020">
     <span class='ocr_line' id='line_1_19' title="bbox 330 1963 1368 2020; baseline -0.003 0"><span class='ocrx_word' id='word_1_147' title='bbox 330 1966 415 2020; x_wconf 84' lang='lat' dir='ltr'>Pers.</span> <span class='ocrx_word' id='word_1_148' title='bbox 434 1967 504 2019; x_wconf 88' lang='lat'>1011</span> <span class='ocrx_word' id='word_1_149' title='bbox 523 1986 559 2016; x_wconf 73' lang='grc' dir='ltr'>ω</span> <span class='ocrx_word' id='word_1_150' title='bbox 578 1965 658 2019; x_wconf 87' lang='grc'>1010.</span> <span class='ocrx_word' id='word_1_151' title='bbox 696 1964 781 2019; x_wconf 87' lang='lat' dir='ltr'>Pers.</span> <span class='ocrx_word' id='word_1_152' title='bbox 800 1965 871 2018; x_wconf 90' lang='grc'>1012</span> <span class='ocrx_word' id='word_1_153' title='bbox 883 1985 919 2014; x_wconf 73' lang='grc' dir='ltr'><em>ω</em></span> <span class='ocrx_word' id='word_1_154' title='bbox 932 1964 1014 2020; x_wconf 90' lang='grc'>1020.</span> <span class='ocrx_word' id='word_1_155' title='bbox 1051 1965 1139 2018; x_wconf 88' lang='lat' dir='ltr'>Pers.</span> <span class='ocrx_word' id='word_1_156' title='bbox 1156 1964 1226 2018; x_wconf 80' lang='grc'>1013</span> <span class='ocrx_word' id='word_1_157' title='bbox 1239 1983 1275 2013; x_wconf 71' lang='grc' dir='ltr'>ω</span> <span class='ocrx_word' id='word_1_158' title='bbox 1287 1963 1368 2018; x_wconf 88' lang='grc'>1023.</span> 
     </span>
    </p>

    <p class='ocr_par' dir='ltr' id='par_1_6' title="bbox 321 2053 1219 2109">
     <span class='ocr_line' id='line_1_20' title="bbox 321 2053 1219 2109; baseline -0.001 -1"><span class='ocrx_word' id='word_1_159' title='bbox 321 2054 517 2109; x_wconf 77' lang='lat' dir='ltr'>.1²ers.1037.</span> <span class='ocrx_word' id='word_1_160' title='bbox 555 2055 657 2109; x_wconf 80' lang='lat' dir='ltr'>Proui.</span> <span class='ocrx_word' id='word_1_161' title='bbox 677 2055 729 2107; x_wconf 88' lang='grc'>101</span> <span class='ocrx_word' id='word_1_162' title='bbox 749 2075 785 2104; x_wconf 71' lang='grc' dir='ltr'>ω</span> <span class='ocrx_word' id='word_1_163' title='bbox 803 2054 867 2109; x_wconf 82' lang='grc'>181.</span> <span class='ocrx_word' id='word_1_164' title='bbox 905 2054 1008 2108; x_wconf 85' lang='lat' dir='ltr'>Prom.</span> <span class='ocrx_word' id='word_1_165' title='bbox 1028 2053 1081 2107; x_wconf 88' lang='grc'>103</span> <span class='ocrx_word' id='word_1_166' title='bbox 1099 2074 1135 2103; x_wconf 74' lang='grc' dir='ltr'>ω</span> <span class='ocrx_word' id='word_1_167' title='bbox 1154 2053 1219 2107; x_wconf 90' lang='grc'>183.</span> 
     </span>
    </p>

    <p class='ocr_par' dir='ltr' id='par_1_7' title="bbox 241 2138 1389 3369">
     <span class='ocr_line' id='line_1_21' title="bbox 331 2138 1371 2214; baseline -0.003 -16"><span class='ocrx_word' id='word_1_168' title='bbox 331 2144 434 2198; x_wconf 88' lang='lat' dir='ltr'>Prom.</span> <span class='ocrx_word' id='word_1_169' title='bbox 454 2144 521 2197; x_wconf 75' lang='lat'><strong>4332</strong></span> <span class='ocrx_word' id='word_1_170' title='bbox 540 2145 595 2214; x_wconf 80' lang='grc' dir='ltr'>βοᾷ</span> <span class='ocrx_word' id='word_1_171' title='bbox 613 2140 644 2196; x_wconf 81' lang='grc' dir='ltr'>δὲ</span> <span class='ocrx_word' id='word_1_172' title='bbox 662 2139 776 2205; x_wconf 79' lang='grc' dir='ltr'><strong><em>πόντιος</em></strong></span> <span class='ocrx_word' id='word_1_173' title='bbox 788 2138 904 2197; x_wconf 83' lang='grc' dir='ltr'><strong><em>κλυδών.</em></strong></span> <span class='ocrx_word' id='word_1_174' title='bbox 938 2143 995 2196; x_wconf 89' lang='lat' dir='ltr'>Hic</span> <span class='ocrx_word' id='word_1_175' title='bbox 1007 2159 1106 2196; x_wconf 85' lang='lat' dir='ltr'>versus</span> <span class='ocrx_word' id='word_1_176' title='bbox 1118 2142 1192 2195; x_wconf 89' lang='lat' dir='ltr'>nulli</span> <span class='ocrx_word' id='word_1_177' title='bbox 1205 2141 1371 2212; x_wconf 73' lang='lat' dir='ltr'>respondet,</span> 
     </span>
     <span class='ocr_line' id='line_1_22' title="bbox 241 2231 1371 2301; baseline 0 -17"><span class='ocrx_word' id='word_1_178' title='bbox 241 2248 308 2284; x_wconf 90' lang='lat' dir='ltr'>nam</span> <span class='ocrx_word' id='word_1_179' title='bbox 327 2237 479 2301; x_wconf 86' lang='lat' dir='ltr'>postquam</span> <span class='ocrx_word' id='word_1_180' title='bbox 492 2231 627 2301; x_wconf 83' lang='lat' dir='ltr'>strophae</span> <span class='ocrx_word' id='word_1_181' title='bbox 647 2237 676 2285; x_wconf 92' lang='lat' dir='ltr'>et</span> <span class='ocrx_word' id='word_1_182' title='bbox 694 2231 891 2301; x_wconf 89' lang='lat' dir='ltr'>antistrophae</span> <span class='ocrx_word' id='word_1_183' title='bbox 905 2232 1109 2285; x_wconf 84' lang='lat' dir='ltr'>convenienter</span> <span class='ocrx_word' id='word_1_184' title='bbox 1122 2248 1151 2284; x_wconf 89' lang='lat' dir='ltr'>se</span> <span class='ocrx_word' id='word_1_185' title='bbox 1166 2236 1281 2284; x_wconf 86' lang='lat' dir='ltr'>secutae</span> <span class='ocrx_word' id='word_1_186' title='bbox 1294 2237 1371 2297; x_wconf 84' lang='lat' dir='ltr'>sunt,</span> 
     </span>
     <span class='ocr_line' id='line_1_23' title="bbox 241 2319 1369 2390; baseline 0 -17"><span class='ocrx_word' id='word_1_187' title='bbox 241 2337 317 2374; x_wconf 92' lang='lat' dir='ltr'>nunc</span> <span class='ocrx_word' id='word_1_188' title='bbox 338 2320 453 2390; x_wconf 90' lang='lat' dir='ltr'>quidem</span> <span class='ocrx_word' id='word_1_189' title='bbox 478 2319 628 2389; x_wconf 91' lang='lat' dir='ltr'>epodicum</span> <span class='ocrx_word' id='word_1_190' title='bbox 647 2320 733 2373; x_wconf 93' lang='lat' dir='ltr'>finem</span> <span class='ocrx_word' id='word_1_191' title='bbox 753 2320 823 2374; x_wconf 83' lang='lat' dir='ltr'>facit</span> <span class='ocrx_word' id='word_1_192' title='bbox 845 2319 912 2374; x_wconf 88' lang='lat' dir='ltr'>inde</span> <span class='ocrx_word' id='word_1_193' title='bbox 932 2337 949 2373; x_wconf 91' lang='lat' dir='ltr'>a</span> <span class='ocrx_word' id='word_1_194' title='bbox 967 2320 1003 2374; x_wconf 79' lang='lat' dir='ltr'>V.</span> <span class='ocrx_word' id='word_1_195' title='bbox 1023 2321 1086 2388; x_wconf 82' lang='lat'>427,</span> <span class='ocrx_word' id='word_1_196' title='bbox 1109 2319 1160 2372; x_wconf 94' lang='lat' dir='ltr'>ubi</span> <span class='ocrx_word' id='word_1_197' title='bbox 1181 2336 1234 2388; x_wconf 86' lang='lat' dir='ltr'>ego</span> <span class='ocrx_word' id='word_1_198' title='bbox 1254 2319 1369 2389; x_wconf 91' lang='lat' dir='ltr'>quidem</span> 
     </span>
     <span class='ocr_line' id='line_1_24' title="bbox 241 2408 1389 2488; baseline 0.002 -26"><span class='ocrx_word' id='word_1_199' title='bbox 241 2408 353 2462; x_wconf 90' lang='lat' dir='ltr'>nullum</span> <span class='ocrx_word' id='word_1_200' title='bbox 382 2409 572 2478; x_wconf 84' lang='lat' dir='ltr'>responsionis</span> <span class='ocrx_word' id='word_1_201' title='bbox 596 2409 750 2479; x_wconf 84' lang='lat' dir='ltr'>vestigium</span> <span class='ocrx_word' id='word_1_202' title='bbox 778 2408 912 2478; x_wconf 84' lang='lat' dir='ltr'>detegere</span> <span class='ocrx_word' id='word_1_203' title='bbox 935 2426 1058 2480; x_wconf 91' lang='lat' dir='ltr'>possum.</span> <span class='ocrx_word' id='word_1_204' title='bbox 1102 2409 1163 2462; x_wconf 90' lang='lat' dir='ltr'>Alii</span> <span class='ocrx_word' id='word_1_205' title='bbox 1192 2409 1276 2462; x_wconf 84' lang='lat' dir='ltr'>aliter</span> <span class='ocrx_word' id='word_1_206' title='bbox 1305 2425 1389 2488; x_wconf 22' lang='lat' dir='ltr'>cen-q</span> 
     </span>
     <span class='ocr_line' id='line_1_25' title="bbox 241 2499 1369 2569; baseline 0 -17"><span class='ocrx_word' id='word_1_207' title='bbox 241 2504 360 2552; x_wconf 89' lang='lat' dir='ltr'>suerunt</span> <span class='ocrx_word' id='word_1_208' title='bbox 380 2504 409 2552; x_wconf 85' lang='lat' dir='ltr'>et</span> <span class='ocrx_word' id='word_1_209' title='bbox 427 2499 604 2569; x_wconf 89' lang='lat' dir='ltr'>responsioni</span> <span class='ocrx_word' id='word_1_210' title='bbox 623 2516 674 2569; x_wconf 90' lang='lat' dir='ltr'>per</span> <span class='ocrx_word' id='word_1_211' title='bbox 692 2499 749 2551; x_wconf 88' lang='lat' dir='ltr'>vim</span> <span class='ocrx_word' id='word_1_212' title='bbox 769 2499 829 2551; x_wconf 91' lang='lat' dir='ltr'>vias</span> <span class='ocrx_word' id='word_1_213' title='bbox 848 2504 1031 2568; x_wconf 88' lang='lat' dir='ltr'>aperuerunt,</span> <span class='ocrx_word' id='word_1_214' title='bbox 1055 2504 1088 2552; x_wconf 91' lang='lat' dir='ltr'>ut</span> <span class='ocrx_word' id='word_1_215' title='bbox 1112 2499 1369 2567; x_wconf 79' lang='lat' dir='ltr'>Hermannus³)‚</span> 
     </span>
     <span class='ocr_line' id='line_1_26' title="bbox 242 2583 1372 2658; baseline 0.002 -18"><span class='ocrx_word' id='word_1_216' title='bbox 242 2589 291 2657; x_wconf 93' lang='lat' dir='ltr'>qui</span> <span class='ocrx_word' id='word_1_217' title='bbox 310 2593 403 2658; x_wconf 84' lang='lat' dir='ltr'>putat,</span> <span class='ocrx_word' id='word_1_218' title='bbox 425 2595 521 2642; x_wconf 85' lang='lat' dir='ltr'>nostro</span> <span class='ocrx_word' id='word_1_219' title='bbox 533 2589 634 2643; x_wconf 63' lang='lat' dir='ltr'>,versui</span> <span class='ocrx_word' id='word_1_220' title='bbox 652 2588 824 2658; x_wconf 89' lang='lat' dir='ltr'>respondere</span> <span class='ocrx_word' id='word_1_221' title='bbox 844 2589 880 2642; x_wconf 92' lang='lat' dir='ltr'>V.</span> <span class='ocrx_word' id='word_1_222' title='bbox 900 2590 961 2655; x_wconf 88' lang='grc'>427,</span> <span class='ocrx_word' id='word_1_223' title='bbox 986 2605 1071 2658; x_wconf 89' lang='lat' dir='ltr'>quem</span> <span class='ocrx_word' id='word_1_224' title='bbox 1090 2589 1119 2640; x_wconf 93' lang='lat' dir='ltr'>in</span> <span class='ocrx_word' id='word_1_225' title='bbox 1139 2584 1229 2655; x_wconf 86' lang='grc' dir='ltr'><strong><em>μόνον</em></strong></span> <span class='ocrx_word' id='word_1_226' title='bbox 1248 2586 1278 2642; x_wconf 81' lang='grc' dir='ltr'>δὲ</span> <span class='ocrx_word' id='word_1_227' title='bbox 1296 2583 1372 2658; x_wconf 83' lang='grc' dir='ltr'><strong><em>πρόσ</em></strong></span> 
     </span>
     <span class='ocr_line' id='line_1_27' title="bbox 241 2671 1369 2746; baseline 0.002 -18"><span class='ocrx_word' id='word_1_228' title='bbox 241 2679 293 2728; x_wconf 79' lang='grc' dir='ltr'>θεν</span> <span class='ocrx_word' id='word_1_229' title='bbox 312 2671 342 2728; x_wconf 83' lang='grc' dir='ltr'>ἐν</span> <span class='ocrx_word' id='word_1_230' title='bbox 361 2671 460 2739; x_wconf 83' lang='grc' dir='ltr'><strong><em>πόνοις</em></strong></span> <span class='ocrx_word' id='word_1_231' title='bbox 478 2677 620 2742; x_wconf 87' lang='lat' dir='ltr'>formavit,</span> <span class='ocrx_word' id='word_1_232' title='bbox 640 2683 702 2731; x_wconf 91' lang='lat' dir='ltr'>tum</span> <span class='ocrx_word' id='word_1_233' title='bbox 722 2677 902 2746; x_wconf 81' lang='lat' dir='ltr'>Weilius⁴),</span> <span class='ocrx_word' id='word_1_234' title='bbox 926 2676 1083 2730; x_wconf 86' lang='lat' dir='ltr'>secuudum</span> <span class='ocrx_word' id='word_1_235' title='bbox 1103 2694 1187 2746; x_wconf 89' lang='lat' dir='ltr'>quern</span> <span class='ocrx_word' id='word_1_236' title='bbox 1206 2677 1253 2730; x_wconf 89' lang='lat' dir='ltr'>hic</span> <span class='ocrx_word' id='word_1_237' title='bbox 1273 2694 1369 2731; x_wconf 90' lang='lat' dir='ltr'>versus</span> 
     </span>
     <span class='ocr_line' id='line_1_28' title="bbox 242 2759 1372 2837; baseline 0.002 -21"><span class='ocrx_word' id='word_1_238' title='bbox 242 2765 310 2817; x_wconf 91' lang='lat' dir='ltr'>olim</span> <span class='ocrx_word' id='word_1_239' title='bbox 330 2765 370 2817; x_wconf 89' lang='lat' dir='ltr'>sic</span> <span class='ocrx_word' id='word_1_240' title='bbox 389 2765 457 2818; x_wconf 85' lang='lat' dir='ltr'>fuit:</span> <span class='ocrx_word' id='word_1_241' title='bbox 485 2759 591 2836; x_wconf 82' lang='grc' dir='ltr'><strong><em>βοᾷ-δὴ</em></strong></span> <span class='ocrx_word' id='word_1_242' title='bbox 609 2762 725 2828; x_wconf 81' lang='grc' dir='ltr'><strong><em>πόντιος</em></strong></span> <span class='ocrx_word' id='word_1_243' title='bbox 742 2762 852 2818; x_wconf 84' lang='grc' dir='ltr'><strong><em>κλυδών</em></strong></span> <span class='ocrx_word' id='word_1_244' title='bbox 868 2791 915 2818; x_wconf 73' lang='grc' dir='ltr'>υ-</span> <span class='ocrx_word' id='word_1_245' title='bbox 934 2786 969 2815; x_wconf 72' lang='grc' dir='ltr'><em>ω</em></span> <span class='ocrx_word' id='word_1_246' title='bbox 988 2766 1053 2818; x_wconf 84' lang='lat'>427:</span> <span class='ocrx_word' id='word_1_247' title='bbox 1078 2761 1166 2831; x_wconf 86' lang='grc' dir='ltr'><strong><em>μόνον</em></strong></span> <span class='ocrx_word' id='word_1_248' title='bbox 1186 2764 1219 2832; x_wconf 83' lang='grc' dir='ltr'>δὴ</span> <span class='ocrx_word' id='word_1_249' title='bbox 1244 2762 1372 2837; x_wconf 74' lang='grc' dir='ltr'><strong><em>πρόσθεν</em></strong></span> 
     </span>
     <span class='ocr_line' id='line_1_29' title="bbox 242 2847 1371 2924; baseline 0.002 -18"><span class='ocrx_word' id='word_1_250' title='bbox 242 2847 327 2908; x_wconf 77' lang='grc' dir='ltr'><strong><em>ἄλλον</em></strong></span> <span class='ocrx_word' id='word_1_251' title='bbox 345 2848 375 2907; x_wconf 82' lang='grc' dir='ltr'>ἐν</span> <span class='ocrx_word' id='word_1_252' title='bbox 394 2849 504 2918; x_wconf 82' lang='grc' dir='ltr'><strong><em>πόνοις,</em></strong></span> <span class='ocrx_word' id='word_1_253' title='bbox 528 2870 585 2924; x_wconf 88' lang='lat' dir='ltr'>qua</span> <span class='ocrx_word' id='word_1_254' title='bbox 608 2855 719 2908; x_wconf 89' lang='lat' dir='ltr'>ratione</span> <span class='ocrx_word' id='word_1_255' title='bbox 743 2855 829 2908; x_wconf 88' lang='lat' dir='ltr'>etiam</span> <span class='ocrx_word' id='word_1_256' title='bbox 854 2854 885 2907; x_wconf 91' lang='lat' dir='ltr'>in</span> <span class='ocrx_word' id='word_1_257' title='bbox 909 2871 983 2908; x_wconf 87' lang='lat' dir='ltr'>nova</span> <span class='ocrx_word' id='word_1_258' title='bbox 1007 2854 1132 2908; x_wconf 91' lang='lat' dir='ltr'>editione</span> <span class='ocrx_word' id='word_1_259' title='bbox 1157 2854 1212 2908; x_wconf 90' lang='lat' dir='ltr'>sibi</span> <span class='ocrx_word' id='word_1_260' title='bbox 1231 2855 1371 2922; x_wconf 84' lang='lat' dir='ltr'>constitit,</span> 
     </span>
     <span class='ocr_line' id='line_1_30' title="bbox 242 2939 1370 3014; baseline 0.001 -18"><span class='ocrx_word' id='word_1_261' title='bbox 242 2942 346 2996; x_wconf 90' lang='lat' dir='ltr'>deinde</span> <span class='ocrx_word' id='word_1_262' title='bbox 360 2943 392 2995; x_wconf 88' lang='lat' dir='ltr'>L.</span> <span class='ocrx_word' id='word_1_263' title='bbox 413 2942 643 3011; x_wconf 82' lang='lat' dir='ltr'>Schmidtius,</span> <span class='ocrx_word' id='word_1_264' title='bbox 663 2943 712 3012; x_wconf 92' lang='lat' dir='ltr'>qui</span> <span class='ocrx_word' id='word_1_265' title='bbox 730 2943 761 2995; x_wconf 93' lang='lat' dir='ltr'>in</span> <span class='ocrx_word' id='word_1_266' title='bbox 774 2942 900 2996; x_wconf 90' lang='lat' dir='ltr'>editione</span> <span class='ocrx_word' id='word_1_267' title='bbox 920 2943 975 2996; x_wconf 89' lang='lat' dir='ltr'>hoc</span> <span class='ocrx_word' id='word_1_268' title='bbox 994 2944 1155 3013; x_wconf 89' lang='lat' dir='ltr'>proposuit:</span> <span class='ocrx_word' id='word_1_269' title='bbox 1175 2939 1264 3010; x_wconf 89' lang='grc' dir='ltr'><strong><em>μόνον</em></strong></span> <span class='ocrx_word' id='word_1_270' title='bbox 1277 2939 1310 3010; x_wconf 80' lang='grc' dir='ltr'>δὴ</span> <span class='ocrx_word' id='word_1_271' title='bbox 1323 2960 1370 3014; x_wconf 79' lang='grc' dir='ltr'>πρ.</span> 
     </span>
     <span class='ocr_line' id='line_1_31' title="bbox 242 3027 1370 3103; baseline 0 -19"><span class='ocrx_word' id='word_1_272' title='bbox 242 3027 272 3085; x_wconf 76' lang='grc' dir='ltr'>ἐν</span> <span class='ocrx_word' id='word_1_273' title='bbox 295 3049 357 3084; x_wconf 87' lang='grc' dir='ltr'><strong><em>πον,</em></strong></span> <span class='ocrx_word' id='word_1_274' title='bbox 377 3052 413 3081; x_wconf 73' lang='grc' dir='ltr'>ω</span> <span class='ocrx_word' id='word_1_275' title='bbox 434 3033 489 3103; x_wconf 79' lang='grc' dir='ltr'>βοᾷ</span> <span class='ocrx_word' id='word_1_276' title='bbox 514 3030 544 3084; x_wconf 83' lang='grc' dir='ltr'>δὲ</span> <span class='ocrx_word' id='word_1_277' title='bbox 566 3048 644 3084; x_wconf 86' lang='grc' dir='ltr'><strong><em>ποντ.</em></strong></span> <span class='ocrx_word' id='word_1_278' title='bbox 667 3033 744 3085; x_wconf 69' lang='lat' dir='ltr'>xlvi.</span> <span class='ocrx_word' id='word_1_279' title='bbox 768 3031 1057 3100; x_wconf 67' lang='lat' dir='ltr'>Heimsoethiusl)</span> <span class='ocrx_word' id='word_1_280' title='bbox 1085 3032 1162 3086; x_wconf 91' lang='lat' dir='ltr'>idem</span> <span class='ocrx_word' id='word_1_281' title='bbox 1192 3032 1370 3102; x_wconf 85' lang='lat' dir='ltr'>responsioni</span> 
     </span>
     <span class='ocr_line' id='line_1_32' title="bbox 242 3119 1370 3192; baseline -0.001 -17"><span class='ocrx_word' id='word_1_282' title='bbox 242 3121 314 3175; x_wconf 84' lang='lat' dir='ltr'>favit</span> <span class='ocrx_word' id='word_1_283' title='bbox 335 3126 364 3174; x_wconf 88' lang='lat' dir='ltr'>ct</span> <span class='ocrx_word' id='word_1_284' title='bbox 383 3119 544 3174; x_wconf 90' lang='lat' dir='ltr'>Hermanni</span> <span class='ocrx_word' id='word_1_285' title='bbox 561 3121 682 3190; x_wconf 86' lang='lat' dir='ltr'>vestigia</span> <span class='ocrx_word' id='word_1_286' title='bbox 701 3121 811 3190; x_wconf 89' lang='lat' dir='ltr'>pressit.</span> <span class='ocrx_word' id='word_1_287' title='bbox 850 3120 896 3174; x_wconf 84' lang='lat' dir='ltr'>Ab</span> <span class='ocrx_word' id='word_1_288' title='bbox 916 3121 1007 3174; x_wconf 86' lang='lat' dir='ltr'>altera</span> <span class='ocrx_word' id='word_1_289' title='bbox 1025 3128 1107 3191; x_wconf 89' lang='lat' dir='ltr'>parte</span> <span class='ocrx_word' id='word_1_290' title='bbox 1132 3121 1163 3175; x_wconf 95' lang='lat' dir='ltr'>hi</span> <span class='ocrx_word' id='word_1_291' title='bbox 1183 3121 1370 3192; x_wconf 57' lang='lat' dir='ltr'>exstiterunt:</span> 
     </span>
     <span class='ocr_line' id='line_1_33' title="bbox 242 3208 1370 3280; baseline 0 -17"><span class='ocrx_word' id='word_1_292' title='bbox 242 3208 443 3277; x_wconf 72' lang='lat' dir='ltr'>Dindorfius‘),</span> <span class='ocrx_word' id='word_1_293' title='bbox 467 3209 673 3278; x_wconf 85' lang='lat' dir='ltr'>Kirohhoffius‚</span> <span class='ocrx_word' id='word_1_294' title='bbox 692 3209 896 3278; x_wconf 86' lang='lat' dir='ltr'>Weckleinius,</span> <span class='ocrx_word' id='word_1_295' title='bbox 916 3210 948 3266; x_wconf 93' lang='grc' dir='ltr'>Ο.</span> <span class='ocrx_word' id='word_1_296' title='bbox 968 3210 1179 3280; x_wconf 67' lang='lat' dir='ltr'>Ribbeckius),</span> <span class='ocrx_word' id='word_1_297' title='bbox 1204 3211 1253 3280; x_wconf 92' lang='lat' dir='ltr'>qui</span> <span class='ocrx_word' id='word_1_298' title='bbox 1272 3211 1370 3264; x_wconf 88' lang='lat' dir='ltr'>rectis·</span> 
     </span>
     <span class='ocr_line' id='line_1_34' title="bbox 243 3299 1228 3369; baseline 0.002 -17"><span class='ocrx_word' id='word_1_299' title='bbox 243 3299 312 3353; x_wconf 87' lang='lat' dir='ltr'>sime</span> <span class='ocrx_word' id='word_1_300' title='bbox 332 3299 484 3369; x_wconf 91' lang='lat' dir='ltr'>epodicum</span> <span class='ocrx_word' id='word_1_301' title='bbox 502 3304 667 3353; x_wconf 88' lang='lat' dir='ltr'>tenuerunt.</span> <span class='ocrx_word' id='word_1_302' title='bbox 1224 3323 1228 3330; x_wconf 95' lang='lat'>·</span> 
     </span>
    </p>

    <p class='ocr_par' dir='ltr' id='par_1_8' title="bbox 333 3389 704 3454">
     <span class='ocr_line' id='line_1_35' title="bbox 333 3389 704 3454; baseline 0 -12"><span class='ocrx_word' id='word_1_303' title='bbox 333 3390 388 3454; x_wconf 77' lang='lat' dir='ltr'>ng.</span> <span class='ocrx_word' id='word_1_304' title='bbox 407 3389 460 3442; x_wconf 78' lang='lat'>116</span> <span class='ocrx_word' id='word_1_305' title='bbox 478 3409 514 3438; x_wconf 73' lang='grc' dir='ltr'>ω</span> <span class='ocrx_word' id='word_1_306' title='bbox 533 3390 596 3442; x_wconf 91' lang='grc'>130.</span> <span class='ocrx_word' id='word_1_307' title='bbox 699 3418 704 3422; x_wconf 95' lang='grc'>-</span> 
     </span>
    </p>

    <p class='ocr_par' dir='ltr' id='par_1_9' title="bbox 244 3477 1371 3637">
     <span class='ocr_line' id='line_1_36' title="bbox 333 3477 1371 3548; baseline 0.003 -17"><span class='ocrx_word' id='word_1_308' title='bbox 333 3480 387 3542; x_wconf 75' lang='lat' dir='ltr'>lg.</span> <span class='ocrx_word' id='word_1_309' title='bbox 408 3478 560 3531; x_wconf 77' lang='grc'>427-428.</span> <span class='ocrx_word' id='word_1_310' title='bbox 597 3478 678 3530; x_wconf 81' lang='lat' dir='ltr'>Sitne</span> <span class='ocrx_word' id='word_1_311' title='bbox 697 3483 776 3531; x_wconf 87' lang='lat' dir='ltr'>recta</span> <span class='ocrx_word' id='word_1_312' title='bbox 795 3477 959 3548; x_wconf 85' lang='lat' dir='ltr'>descriptio,</span> <span class='ocrx_word' id='word_1_313' title='bbox 980 3495 1052 3548; x_wconf 90' lang='lat' dir='ltr'>quae</span> <span class='ocrx_word' id='word_1_314' title='bbox 1071 3478 1196 3533; x_wconf 90' lang='lat' dir='ltr'>inlibris</span> <span class='ocrx_word' id='word_1_315' title='bbox 1215 3480 1371 3548; x_wconf 81' lang='lat' dir='ltr'>invenitur,</span> 
     </span>
     <span class='ocr_line' id='line_1_37' title="bbox 244 3565 1211 3637; baseline 0.003 -19"><span class='ocrx_word' id='word_1_316' title='bbox 244 3581 329 3635; x_wconf 90' lang='lat' dir='ltr'>quam</span> <span class='ocrx_word' id='word_1_317' title='bbox 349 3565 475 3635; x_wconf 83' lang='lat' dir='ltr'>amplexi</span> <span class='ocrx_word' id='word_1_318' title='bbox 494 3570 560 3618; x_wconf 91' lang='lat' dir='ltr'>sunt</span> <span class='ocrx_word' id='word_1_319' title='bbox 579 3565 782 3634; x_wconf 87' lang='lat' dir='ltr'>Weckleinius,</span> <span class='ocrx_word' id='word_1_320' title='bbox 801 3567 941 3637; x_wconf 86' lang='lat' dir='ltr'>Engerus,</span> <span class='ocrx_word' id='word_1_321' title='bbox 961 3567 1211 3637; x_wconf 84' lang='lat' dir='ltr'>Heimsocthius⁸),</span> 
     </span>
    </p>

    <p class='ocr_par' dir='ltr' id='par_1_10' title="bbox 404 3643 834 3723">
     <span class='ocr_line' id='line_1_38' title="bbox 404 3643 834 3723; baseline 0.002 -17"><span class='ocrx_word' id='word_1_322' title='bbox 404 3651 530 3707; x_wconf 84' lang='grc' dir='ltr'><strong><em>στένουσι</em></strong></span> <span class='ocrx_word' id='word_1_323' title='bbox 549 3648 573 3707; x_wconf 84' lang='grc' dir='ltr'>δ’</span> <span class='ocrx_word' id='word_1_324' title='bbox 593 3643 625 3706; x_wconf 81' lang='grc' dir='ltr'>εὖ</span> <span class='ocrx_word' id='word_1_325' title='bbox 643 3651 771 3723; x_wconf 77' lang='grc' dir='ltr'><strong><em>λέγοντες</em></strong></span> <span class='ocrx_word' id='word_1_326' title='bbox 790 3644 834 3707; x_wconf 81' lang='grc' dir='ltr'>όν-</span> 
     </span>
    </p>
   </div>
   <div class='ocr_carea' id='block_1_3' title="bbox 403 3679 1234 3908">
    <p class='ocr_par' dir='ltr' id='par_1_11' title="bbox 403 3679 1234 3908">
     <span class='ocr_line' id='line_1_39' title="bbox 404 3679 1234 3881; baseline 0.004 -86"><span class='ocrx_word' id='word_1_327' title='bbox 404 3745 463 3812; x_wconf 83' lang='grc' dir='ltr'><strong><em>δρα,</em></strong></span> <span class='ocrx_word' id='word_1_328' title='bbox 483 3736 533 3796; x_wconf 87' lang='grc' dir='ltr'>τόν</span> <span class='ocrx_word' id='word_1_329' title='bbox 550 3741 610 3809; x_wconf 84' lang='grc' dir='ltr'><strong><em>μέν,</em></strong></span> <span class='ocrx_word' id='word_1_330' title='bbox 630 3736 668 3806; x_wconf 79' lang='grc' dir='ltr'>ιός</span> <span class='ocrx_word' id='word_1_331' title='bbox 685 3739 776 3812; x_wconf 82' lang='grc' dir='ltr'><strong><em>μάχης</em></strong></span> <span class='ocrx_word' id='word_1_332' title='bbox 794 3738 873 3814; x_wconf 73' lang='grc' dir='ltr'><strong><em>ἴδρις,</em></strong></span> <span class='ocrx_word' id='word_1_333' title='bbox 949 3679 965 3881; x_wconf 39' lang='grc' dir='ltr'><strong>ἓ</strong></span> <span class='ocrx_word' id='word_1_334' title='bbox 985 3743 1112 3798; x_wconf 88' lang='lat' dir='ltr'>dubitari</span> <span class='ocrx_word' id='word_1_335' title='bbox 1131 3751 1234 3816; x_wconf 89' lang='lat' dir='ltr'>potest.</span> 
     </span>
     <span class='ocr_line' id='line_1_40' title="bbox 403 3825 930 3908; baseline 0.006 -24"><span class='ocrx_word' id='word_1_336' title='bbox 403 3825 452 3885; x_wconf 86' lang='grc' dir='ltr'>τόν</span> <span class='ocrx_word' id='word_1_337' title='bbox 472 3825 495 3884; x_wconf 84' lang='grc' dir='ltr'>δ’</span> <span class='ocrx_word' id='word_1_338' title='bbox 514 3826 545 3884; x_wconf 76' lang='grc' dir='ltr'>ἐν</span> <span class='ocrx_word' id='word_1_339' title='bbox 563 3839 663 3908; x_wconf 87' lang='grc' dir='ltr'><strong><em>φοναῖς</em></strong></span> <span class='ocrx_word' id='word_1_340' title='bbox 679 3836 772 3896; x_wconf 82' lang='grc' dir='ltr'><strong><em>καλῶς</em></strong></span> <span class='ocrx_word' id='word_1_341' title='bbox 790 3827 903 3887; x_wconf 79' lang='grc' dir='ltr'><strong><em>πεσόντ’</em></strong></span> <span class='ocrx_word' id='word_1_342' title='bbox 910 3834 930 3903; x_wconf 80' lang='lat'>⁹)</span> 
     </span>
    </p>
   </div>
   <div class='ocr_carea' id='block_1_4' title="bbox 243 3965 1371 4359">
    <p class='ocr_par' dir='ltr' id='par_1_12' title="bbox 243 3965 1371 4359">
     <span class='ocr_line' id='line_1_41' title="bbox 334 3965 1369 4041; baseline 0.005 -23"><span class='ocrx_word' id='word_1_343' title='bbox 334 3966 359 4034; x_wconf 91' lang='grc'>1)</span> <span class='ocrx_word' id='word_1_344' title='bbox 379 3965 396 4018; x_wconf 95' lang='lat' dir='ltr'>l.</span> <span class='ocrx_word' id='word_1_345' title='bbox 417 3965 435 4020; x_wconf 87' lang='lat' dir='ltr'>l.</span> <span class='ocrx_word' id='word_1_346' title='bbox 455 3983 520 4036; x_wconf 86' lang='lat' dir='ltr'>pag.</span> <span class='ocrx_word' id='word_1_347' title='bbox 541 3966 583 4020; x_wconf 92' lang='grc'>22.</span> <span class='ocrx_word' id='word_1_348' title='bbox 605 3998 637 4005; x_wconf 92' lang='lat'>-</span> <span class='ocrx_word' id='word_1_349' title='bbox 658 3968 683 4036; x_wconf 92' lang='grc'>2)</span> <span class='ocrx_word' id='word_1_350' title='bbox 705 3968 853 4038; x_wconf 82' lang='lat' dir='ltr'>„Prolcgg</span> <span class='ocrx_word' id='word_1_351' title='bbox 873 3986 909 4020; x_wconf 86' lang='lat' dir='ltr'>zu</span> <span class='ocrx_word' id='word_1_352' title='bbox 928 3968 954 4021; x_wconf 93' lang='lat' dir='ltr'>d.</span> <span class='ocrx_word' id='word_1_353' title='bbox 975 3969 1081 4037; x_wconf 72' lang='lat' dir='ltr'>ischyl.</span> <span class='ocrx_word' id='word_1_354' title='bbox 1103 3969 1282 4039; x_wconf 82' lang='lat' dir='ltr'>Tragiidien“</span> <span class='ocrx_word' id='word_1_355' title='bbox 1303 3987 1369 4041; x_wconf 85' lang='lat' dir='ltr'>pag.</span> 
     </span>
     <span class='ocr_line' id='line_1_42' title="bbox 244 4044 1369 4118; baseline 0.007 -22"><span class='ocrx_word' id='word_1_356' title='bbox 244 4044 304 4097; x_wconf 84' lang='grc'>128,</span> <span class='ocrx_word' id='word_1_357' title='bbox 318 4078 353 4084; x_wconf 85' lang='grc'>-</span> <span class='ocrx_word' id='word_1_358' title='bbox 373 4046 398 4114; x_wconf 87' lang='grc'>3)</span> <span class='ocrx_word' id='word_1_359' title='bbox 418 4062 513 4114; x_wconf 90' lang='lat' dir='ltr'>opusc.</span> <span class='ocrx_word' id='word_1_360' title='bbox 528 4047 596 4114; x_wconf 87' lang='lat' dir='ltr'>VII,</span> <span class='ocrx_word' id='word_1_361' title='bbox 609 4063 674 4116; x_wconf 88' lang='lat' dir='ltr'>pag.</span> <span class='ocrx_word' id='word_1_362' title='bbox 688 4048 749 4100; x_wconf 81' lang='grc'>255.</span> <span class='ocrx_word' id='word_1_363' title='bbox 764 4078 796 4085; x_wconf 92' lang='grc'>-</span> <span class='ocrx_word' id='word_1_364' title='bbox 816 4049 842 4116; x_wconf 85' lang='grc'>4)</span> <span class='ocrx_word' id='word_1_365' title='bbox 856 4049 885 4100; x_wconf 93' lang='lat' dir='ltr'>in</span> <span class='ocrx_word' id='word_1_366' title='bbox 900 4047 1025 4102; x_wconf 90' lang='lat' dir='ltr'>editione</span> <span class='ocrx_word' id='word_1_367' title='bbox 1042 4049 1118 4101; x_wconf 87' lang='grc'>1864.</span> <span class='ocrx_word' id='word_1_368' title='bbox 1133 4079 1166 4087; x_wconf 89' lang='grc'><strong>-</strong></span> <span class='ocrx_word' id='word_1_369' title='bbox 1181 4051 1208 4118; x_wconf 84' lang='grc'>5)</span> <span class='ocrx_word' id='word_1_370' title='bbox 1223 4049 1369 4104; x_wconf 89' lang='lat' dir='ltr'>Wiederh.</span> 
     </span>
     <span class='ocr_line' id='line_1_43' title="bbox 243 4125 1368 4200; baseline 0.007 -24"><span class='ocrx_word' id='word_1_371' title='bbox 243 4141 307 4193; x_wconf 86' lang='lat' dir='ltr'>pag.</span> <span class='ocrx_word' id='word_1_372' title='bbox 328 4125 388 4178; x_wconf 83' lang='grc'>274.</span> <span class='ocrx_word' id='word_1_373' title='bbox 409 4156 442 4164; x_wconf 83' lang='grc'>-</span> <span class='ocrx_word' id='word_1_374' title='bbox 462 4127 488 4193; x_wconf 92' lang='grc'>6)</span> <span class='ocrx_word' id='word_1_375' title='bbox 507 4125 592 4180; x_wconf 91' lang='lat' dir='ltr'>Metr.</span> <span class='ocrx_word' id='word_1_376' title='bbox 612 4143 677 4196; x_wconf 87' lang='lat' dir='ltr'>pag.</span> <span class='ocrx_word' id='word_1_377' title='bbox 692 4128 716 4178; x_wconf 83' lang='lat'>7.</span> <span class='ocrx_word' id='word_1_378' title='bbox 737 4159 769 4165; x_wconf 94' lang='lat'><strong>—</strong></span> <span class='ocrx_word' id='word_1_379' title='bbox 790 4128 816 4196; x_wconf 89' lang='grc'>7)</span> <span class='ocrx_word' id='word_1_380' title='bbox 837 4129 933 4197; x_wconf 91' lang='lat' dir='ltr'>quiin</span> <span class='ocrx_word' id='word_1_381' title='bbox 953 4128 1026 4182; x_wconf 91' lang='lat' dir='ltr'>Mus.</span> <span class='ocrx_word' id='word_1_382' title='bbox 1046 4129 1187 4182; x_wconf 86' lang='lat' dir='ltr'>Rhenano</span> <span class='ocrx_word' id='word_1_383' title='bbox 1201 4129 1283 4195; x_wconf 79' lang='lat' dir='ltr'>xlv,</span> <span class='ocrx_word' id='word_1_384' title='bbox 1303 4147 1368 4200; x_wconf 86' lang='lat' dir='ltr'>pag.</span> 
     </span>
     <span class='ocr_line' id='line_1_44' title="bbox 243 4205 1369 4278; baseline 0.007 -22"><span class='ocrx_word' id='word_1_385' title='bbox 243 4205 304 4269; x_wconf 81' lang='grc'>027,</span> <span class='ocrx_word' id='word_1_386' title='bbox 329 4222 425 4259; x_wconf 90' lang='lat' dir='ltr'>versus</span> <span class='ocrx_word' id='word_1_387' title='bbox 449 4207 501 4259; x_wconf 80' lang='lat'>433</span> <span class='ocrx_word' id='word_1_388' title='bbox 524 4224 585 4276; x_wconf 91' lang='lat' dir='ltr'>sqq.</span> <span class='ocrx_word' id='word_1_389' title='bbox 609 4213 676 4261; x_wconf 88' lang='lat' dir='ltr'>ante</span> <span class='ocrx_word' id='word_1_390' title='bbox 699 4224 797 4270; x_wconf 86' lang='lat' dir='ltr'>versus</span> <span class='ocrx_word' id='word_1_391' title='bbox 821 4209 963 4261; x_wconf 86' lang='grc'>427-432</span> <span class='ocrx_word' id='word_1_392' title='bbox 988 4209 1090 4278; x_wconf 90' lang='lat' dir='ltr'>posuit.</span> <span class='ocrx_word' id='word_1_393' title='bbox 1116 4243 1151 4250; x_wconf 92' lang='lat'>-</span> <span class='ocrx_word' id='word_1_394' title='bbox 1177 4208 1203 4278; x_wconf 90' lang='lat'>8)</span> <span class='ocrx_word' id='word_1_395' title='bbox 1224 4210 1369 4264; x_wconf 90' lang='lat' dir='ltr'>Wiederh.</span> 
     </span>
     <span class='ocr_line' id='line_1_45' title="bbox 243 4285 1371 4359; baseline 0.005 -21"><span class='ocrx_word' id='word_1_396' title='bbox 243 4301 308 4354; x_wconf 86' lang='lat' dir='ltr'>pag.</span> <span class='ocrx_word' id='word_1_397' title='bbox 323 4285 383 4338; x_wconf 86' lang='lat'>359.</span> <span class='ocrx_word' id='word_1_398' title='bbox 403 4319 438 4325; x_wconf 89' lang='lat'>—</span> <span class='ocrx_word' id='word_1_399' title='bbox 457 4286 483 4353; x_wconf 86' lang='lat'>9)</span> <span class='ocrx_word' id='word_1_400' title='bbox 502 4286 578 4340; x_wconf 93' lang='lat' dir='ltr'>hunc</span> <span class='ocrx_word' id='word_1_401' title='bbox 592 4303 712 4354; x_wconf 88' lang='lat' dir='ltr'>versum,</span> <span class='ocrx_word' id='word_1_402' title='bbox 732 4302 906 4357; x_wconf 87' lang='lat' dir='ltr'>quamquam</span> <span class='ocrx_word' id='word_1_403' title='bbox 919 4288 995 4341; x_wconf 87' lang='lat' dir='ltr'>inter</span> <span class='ocrx_word' id='word_1_404' title='bbox 1008 4305 1105 4342; x_wconf 88' lang='lat' dir='ltr'>versus</span> <span class='ocrx_word' id='word_1_405' title='bbox 1117 4288 1201 4342; x_wconf 92' lang='lat' dir='ltr'>initio</span> <span class='ocrx_word' id='word_1_406' title='bbox 1214 4291 1371 4359; x_wconf 85' lang='lat' dir='ltr'>spondiaco</span> 
     </span>
    </p>
   </div>
   <div class='ocr_carea' id='block_1_5' title="bbox 0 0 1599 5060">
    <p class='ocr_par' dir='ltr' id='par_1_13' title="bbox 0 0 1599 5060">
     <span class='ocr_line' id='line_1_46' title="bbox 0 0 1599 5060; baseline 0 0"><span class='ocrx_word' id='word_1_407' title='bbox 0 0 1599 5060; x_wconf 95' lang='lat' dir='ltr'> </span> 
     </span>
    </p>
   </div>
  </div>
 </body>
</html>
