3176 5060
700 277 922 334 ...46-

412 452 577 520 octob-par.
614 447 679 502 Hoc
698 454 794 502 autem
813 447 842 501 in
862 445 972 502 deliciis
991 446 1126 515 Aeschyli
1145 462 1206 500 esse

357 559 393 589 ω
411 540 550 608 φοβεῖ-ται
627 554 663 592 ex
682 536 821 607 exemplis
840 535 957 606 collegit
970 535 1152 604 Christius¹):
1175 534 1237 604 „die
1250 534 1376 605 Strophe

251 625 310 680 und
324 626 513 696 Antistrophe
532 625 646 697 pflegcu
658 626 755 680 ferner
773 623 855 679 dariu
868 623 1059 679 miteiuander
1077 623 1376 691 dherciuzustimmeu,

252 715 376 770 dassen
399 714 456 770 den
478 713 739 786 respondierenden
758 712 869 768 Stellen
892 712 1005 784 gleichc
1029 712 1098 768 oder
1122 712 1256 768 ahnliche
1275 713 1376 767 Worte

251 803 407 874 steheu.“⁹)

342 892 394 949 013.
414 894 463 949 753
481 892 622 959 ματαίοισι
642 887 781 946 δεσπόταν
798 888 904 959 τύχαις.

342 981 396 1038 Oh.
415 982 482 1037 3183
500 978 703 1034 κατάπτυστον·
724 973 826 1048 ᾔκασεν
838 978 869 1034 δέ
882 997 930 1043 τις.
951 1001 986 1032 ω
1004 979 1072 1036 3083
1090 974 1244 1049 γαμὴλευμ’
1261 972 1379 1048 ἀπεύχε-

253 1088 303 1124 τσν
321 1067 449 1140 deposci)
484 1070 542 1124 Hie
565 1069 651 1124 simili
673 1069 757 1124 modo
777 1085 810 1123 sc
829 1087 855 1124 v.
874 1070 907 1123 41
928 1086 989 1146 sqq.
1008 1075 1073 1140 post
1097 1069 1258 1124 trimetrum
1277 1074 1379 1140 peuta-

254 1159 357 1231 podiae
375 1158 449 1213 duae
473 1165 644 1229 sequuntur,
668 1175 788 1229 quarum
811 1159 903 1228 prima
926 1159 1026 1226 tertio,
1050 1158 1142 1212 altere
1160 1157 1285 1213 secundo
1303 1157 1379 1228 pede

254 1255 412 1319 syncopata
430 1255 487 1317 est,
510 1265 581 1319 quas
599 1248 704 1304 iterum
722 1248 853 1302 trimeter
871 1254 1045 1318 syncopatos
1064 1248 1180 1319 exeipit.
1217 1247 1322 1312 Quare,
1341 1264 1379 1301 ne

254 1338 301 1391 hic
315 1353 428 1407 quoque
441 1336 509 1392 ordo
523 1337 638 1407 quidam
651 1336 837 1402 disturbetur,
857 1353 909 1392 nec
922 1335 1065 1391 Dindorfii
1081 1353 1242 1392 mensuram
1254 1336 1380 1407 amplec-

255 1431 309 1493 tar,
326 1426 376 1496 qui
393 1425 460 1480 iude
480 1442 643 1479 3-πτυστον
660 1441 771 1479 versum
791 1425 905 1478 initium
924 1424 1028 1480 ducere
1047 1430 1140 1496 putat,
1159 1441 1212 1479 nec
1225 1424 1380 1492 Christii⁴]l‚

256 1515 305 1585 qui
325 1515 375 1568 607
396 1519 425 1568 et
444 1515 496 1569 608
516 1531 573 1567 uno
592 1519 691 1568 tenore
710 1514 768 1585 legi
787 1513 875 1568 iubet.

344 1602 428 1673 Sept.
452 1605 519 1658 3133
542 1605 597 1674 βοᾷ
615 1597 639 1656 δ’
658 1597 845 1668 ἐκκενουμένα
868 1599 949 1667 πόλις
966 1624 1002 1654 ω
1021 1604 1089 1659 3253
1112 1606 1211 1674 καπνῷ
1235 1602 1378 1672 χραίνεται

255 1685 367 1757 πόλισμ’
380 1677 461 1745 ὅπου.
494 1690 603 1760 Sequar
616 1690 791 1744 Brunekium
804 1697 833 1745 et
845 1691 1068 1759 Kirehhoffium,
1087 1692 1136 1761 qui
1154 1689 1185 1745 dl
1204 1695 1268 1762 post
1280 1695 1379 1762 καπνῷ

256 1780 446 1846 sustulerunt,
471 1797 528 1834 non
547 1780 759 1849 Hermanuum,
783 1781 832 1850 qui
853 1781 883 1834 in
902 1780 1021 1851 stropha
1038 1783 1093 1852 βοᾷ
1111 1777 1142 1834 δὲ
1160 1782 1207 1834 καὶ
1225 1778 1380 1847 κενουμένα

255 1869 381 1939 scripsit,
405 1869 541 1939 primum,
565 1869 641 1939 quod
665 1869 715 1922 illo
740 1867 771 1922 δέ
794 1887 819 1924 v.
840 1871 891 1924 325
915 1870 1000 1924 facile
1023 1886 1119 1924 carere
1143 1869 1294 1940 possimus,
1317 1874 1381 1922 tum

256 1965 367 2027 autem,
396 1957 472 2028 quod
495 1954 690 2026 ἐκκενουμένα
713 1958 804 2013 multo
827 1958 942 2029 dignius
965 1964 1009 2012 est
1031 1964 1118 2028 poeta
1142 1959 1266 2028 tragico,
1294 1973 1380 2028 quam

256 2047 424 2117 languidum
443 2045 474 2100 δὲ
492 2031 538 2100 καλ
556 2045 746 2116 κενουμέναῦ),
765 2053 919 2117 postremo,
938 2046 1015 2117 quod
1028 2064 1079 2118 per
1091 2043 1176 2114 τονήν
1187 2048 1218 2101 in
1230 2050 1301 2120 βσᾷ3
1313 2072 1332 2100 υ
1343 2067 1381 2100 ιι

257 2137 334 2189 notio
354 2135 497 2189 clamandi
515 2137 605 2206 magis
624 2137 727 2204 elucet,
747 2153 833 2206 quam
851 2137 875 2190 si
893 2136 1014 2206 simplex
1033 2136 1144 2190 iambus
1163 2135 1338 2207 legeretur.⁶)

347 2225 430 2296 Sept.
450 2227 517 2280 7203
537 2224 717 2294 μελαμπαγὲς
736 2218 804 2293 αἱμα
823 2226 939 2292 φοίνιον,
977 2225 1043 2280 Non
1062 2225 1211 2280 dochmius
1228 2227 1262 2296 l·
1281 2225 1382 2279 diiam-

258 2314 312 2368 bus
331 2320 382 2383 est,
405 2321 438 2368 ut
457 2315 667 2384 Hermaunusb
686 2315 857 2381 aestimavit,
876 2332 934 2369 non
953 2314 1096 2369 baccheus
1114 2315 1240 2386 tripodis
1258 2315 1382 2368 iambica

258 2411 372 2473 auctus,
396 2411 429 2458 ut
448 2403 625 2474 Dindorfio⁸)
644 2405 767 2475 placuit,
790 2404 840 2458 sed
858 2405 947 2458 iambi
970 2404 1126 2458 secuudum
1145 2405 1291 2474 ingenium
1311 2410 1383 2458 stro-

258 2493 332 2564 phae
352 2493 539 2563 exspectandi
559 2499 634 2548 sunt.
652 2515 688 2544 ω
707 2494 770 2548 728.

348 2582 430 2651 Sept.
449 2583 517 2638 8353
537 2577 571 2634 δι’
585 2577 740 2650 εὐωνύμων
754 2581 928 2649 τετυμμένοι.
965 2583 1080 2636 Falsam
1099 2581 1286 2653 Hermanni⁹)
1305 2599 1383 2636 men-

257 2687 353 2724 suram
365 2669 538 2740 (dochmium
549 2673 585 2740 -)-
595 2671 763 2741 diiambum)
773 2678 855 2726 ¹reete
866 2671 1064 2740 Β3333133331110)
1074 2672 1257 2742 vituperavit.
1270 2693 1306 2722 ω
1318 2672 1382 2727 873.

502 2796 527 2864 3)
550 2796 631 2850 tertio
647 2797 713 2866 pede
731 2813 839 2864 333000.
858 2821 877 2847 υ
889 2841 907 2849 -
918 2821 937 2847 υ
949 2828 983 2846 ι.
997 2841 1015 2849 -
1027 2822 1045 2848 0
1057 2841 1075 2849 -
1087 2821 1105 2848 o
1117 2813 1135 2848 a

349 2884 403 2940 013.
427 2885 494 2939 0153
518 2879 601 2956 λόγῳ·
624 2887 723 2954 γοᾶται
742 2882 773 2937 δὲ
792 2877 825 2952 δὴ
843 2881 937 2938 τόθεν.
961 2881 1063 2940 τόθενε
1086 2885 1314 2951 Heimsoethius;
1337 2886 1383 2941 M.-

259 2971 351 3027 πόθει.
389 2971 466 3038 Quid
485 2973 514 3025 in
534 2973 747 3044 pentapodia¹¹)
766 2973 831 3028 falsi
849 2973 927 3042 insit,
945 2981 979 3028 ut
992 2974 1169 3028 Bernhardio
1176 2975 1207 3043 1⁹)
1220 2975 1312 3048 visum
1331 2982 1383 3042 est,

259 3079 317 3116 non
331 3061 477 3131 intellego.
497 3083 532 3112 ω
551 3063 619 3118 3073
638 3058 746 3125 πόθων,
767 3060 887 3134 ἀκαίρως
906 3061 936 3116 δὲ
956 3061 1090 3132 δυσφιλές.
1110 3060 1211 3116 πόθων
1226 3063 1316 3118 833331.
1336 3064 1384 3120 M:

260 3167 364 3205 πονιυν.

350 3240 432 3311 Sept.
451 3240 519 3295 0873
540 3237 574 3293 ἰὼ
590 3230 663 3294 ὅπου
682 3236 858 3307 τιμιώτατον.
896 3241 961 3296 Nou
980 3241 1117 3312 cogimur,
1137 3259 1310 3312 quamquam
1322 3258 1384 3295 ver·

259 3347 307 3384 sus
326 3328 528 3384 antecedentes
547 3336 576 3384 et
595 3335 747 3400 sequentes
770 3331 893 3385 trimetri
917 3337 997 3399 sunt,
1021 3331 1068 3384 hio
1090 3348 1203 3401 quoque
1223 3332 1385 3385 trimetrum

262 3417 391 3488 explere,
415 3423 448 3470 ut
466 3418 587 3472 Weilius
603 3418 687 3485 lecit,
706 3413 750 3489 (ἰώ
771 3410 843 3473 ὅπου
862 3417 914 3490 πέρ
933 3415 1160 3489 ressuscitator)
1179 3437 1272 3490 neque
1293 3419 1385 3473 West-

353 3560 378 3628 1)
396 3560 480 3614 Μο33.
500 3576 565 3630 pag.
586 3561 637 3613 642
651 3578 711 3630 sqq.
731 3595 766 3601 -
785 3563 812 3631 2)
831 3560 866 3616 de
884 3567 948 3616 3033
967 3562 1133 3631 quaestione
1153 3561 1188 3615 cf.
1209 3561 1384 3616 dissertatio-

261 3657 326 3693 nem
344 3640 459 3694 Jacobii
484 3638 536 3708 „de
555 3640 669 3710 aequali
693 3642 801 3712 stroph.
822 3648 851 3696 et
870 3643 981 3696 antistr.
1005 3642 1035 3694 in
1059 3647 1131 3712 trag.
1153 3641 1253 3696 Graec.
1274 3641 1384 3696 eonfor-

261 3719 402 3773 matioue“
429 3721 506 3774 1866.
535 3754 569 3760 -
600 3721 628 3790 3)
651 3721 798 3790 stropham
822 3729 887 3791 post
910 3721 1120 3791 antistropham
1143 3720 1384 3792 transponendum

261 3816 321 3853 esse
340 3800 397 3852 iam
416 3811 481 3870 pag.
501 3799 535 3854 38
555 3799 685 3854 vidimus.
705 3835 738 3841 -
759 3803 785 3870 4)
805 3801 888 3855 Metr.
909 3819 973 3872 pag.
994 3803 1054 3855 359.
1075 3835 1110 3842 -
1129 3803 1154 3870 5)
1174 3802 1211 3856 01.
1231 3802 1307 3856 Ρο33.
1324 3802 1383 3856 548.

261 3910 295 3916 -
325 3881 351 3946 6)
374 3885 500 3934 ceterum
523 3881 728 3950 pentapodiam
751 3898 868 3952 syncop.
893 3882 980 3935 etiam
1003 3881 1164 3935 Bernhardi
1187 3881 1215 3950 (l.
1235 3882 1254 3934 l.
1274 3899 1338 3952 pag.
1358 3883 1384 3948 4)

261 3959 398 4014 defendit.
418 3994 453 4000 -
477 3962 503 4030 7)
523 3960 604 4014 elem.
624 3977 688 4032 pag.
709 3963 770 4016 257.
790 3996 825 4002 -
848 3962 874 4030 8)
894 3960 1029 4016 demetr.
1049 3967 1125 4031 poet.
1144 3977 1237 4016 scaen.
1258 3980 1322 4033 pag.
1342 3962 1384 4016 40.

261 4073 296 4080 -
315 4041 341 4108 9)
360 4040 441 4094 elem.
466 4057 531 4111 pag.
551 4042 611 4095 257.
636 4073 671 4080 -
697 4042 740 4111 10)
760 4041 795 4096 de
814 4048 882 4096 tone
902 4059 965 4112 pag.
986 4044 1010 4094 4.
1036 4033 1073 4082 -’
1097 4042 1140 4110 11)
1161 4059 1234 4111 quac
1253 4060 1310 4097 non
1334 4059 1385 4112 per

261 4121 319 4174 vim
338 4120 367 4172 in
386 4121 546 4174 trimetrum
566 4120 721 4191 redigenda
741 4128 797 4190 est,
821 4128 854 4175 ut
872 4122 1064 4190 Hermannus,
1087 4121 1290 4189 Weckleiuius,
1314 4123 1385 4176 Din-

262 4199 368 4254 dorfius
381 4200 499 4269 faciunt,
519 4202 568 4271 qui
582 4218 693 4255 versum
708 4219 797 4271 usque
817 4197 1002 4255 3ι1-κατόπτ-
1021 4200 1227 4271 produxerunt.
1247 4233 1282 4239 —
1303 4203 1346 4272 12)
1365 4201 1384 4255 1.

262 4279 280 4334 1.
300 4296 364 4350 pag.
385 4281 409 4334 8.
