3176 5060
701 271 920 330 ..40-

352 454 378 523 c)
397 469 522 524 syncope
541 453 570 506 in
591 457 693 522 quarto
712 450 794 522 pede,
813 450 843 505 id
863 455 918 505 est:
938 449 1059 504 dimeter
1077 449 1271 505 catalecticus.

340 561 424 616 Pers.
443 561 524 616 1041.
561 561 647 615 Pars.
670 558 756 614 10410
781 550 834 610 ἰωὰ
858 550 917 624 δῆτ’
939 550 983 610 ἄν’
1007 550 1078 611 αἶαν.
1120 556 1168 612 Sic
1187 557 1308 611 Weilius
1331 557 1379 611 in-

250 647 365 718 geniose
385 665 437 718 pro
457 647 563 702 tradito
583 648 660 715 δῆτα,
679 645 731 710 ναί,
751 645 826 715 culi)

339 737 531 792 Promittis
554 733 698 789 στένουσιν
715 724 800 803 ἄλγος
823 728 944 803 οἰκτρόν.
986 733 1030 788 De
1054 750 1186 788 versuum
1210 733 1321 788 ambitu
1345 741 1378 788 et

251 825 286 879 de
305 825 501 896 responsione,
526 841 599 894 quae
619 840 636 876 a
655 822 825 893 quibusdam
844 822 912 876 viris
930 821 1022 876 doctis
1044 823 1219 893 investigata
1238 829 1293 891 est,
1317 824 1377 877 iam

251 931 315 984 pag.
336 914 370 967 20
389 913 580 968 disseruimus.
617 914 663 966 Ex
682 913 735 981 eis,
760 928 833 982 quae
857 911 898 965 ibi
917 911 1031 982 prolata
1048 918 1128 981 sunt,
1151 913 1292 983 sequitur,
1316 930 1376 966 non

251 1019 310 1057 esse
334 1001 516 1057 scribendum
535 997 681 1070 ἀλγοῦσα,
704 1008 738 1054 ut
756 1001 956 1055 Heimsoethio
975 1001 1166 1071 responsionis
1189 1018 1257 1056 suae
1281 1002 1376 1072 gratia

250 1091 368 1161 placuit,
388 1108 441 1145 nec
454 1090 542 1145 verba
560 1089 627 1144 inde
641 1107 658 1144 a
670 1089 759 1158 παγαί
776 1105 840 1143 cum
859 1089 1010 1143 Dindorfio
1024 1088 1061 1143 ad
1073 1095 1201 1144 nostrum
1221 1090 1375 1144 dimetrum

251 1180 423 1250 applicanda
442 1197 515 1248 esse,
538 1196 603 1233 cum
622 1178 773 1250 epodicum
798 1177 920 1232 dimetro
940 1178 1109 1232 catalectico
1128 1179 1235 1249 optime
1259 1178 1375 1233 clauda-

251 1274 311 1335 tur,
336 1285 392 1338 quo
416 1265 483 1335 τονὴ
505 1269 536 1323 in
559 1269 645 1323 tertio
669 1267 742 1338 pede
766 1267 875 1322 exitum
899 1265 1048 1321 advenisse
1072 1266 1233 1321 evidentius
1256 1267 1375 1336 indicat,

251 1373 336 1426 qnam
355 1358 379 1410 si
397 1355 519 1412 dimeter
537 1373 625 1428 purus
644 1356 689 1410 vel
709 1355 783 1409 alius
801 1371 898 1408 versus
917 1355 1069 1425 legeretur.

339 1447 440 1502 Proru.
459 1447 527 1502 9030
552 1438 608 1514 ε’χιο
628 1435 704 1508 τὶς”
686 1462 722 1497 αν
739 1461 804 1513 γενο
806 1446 879 1510 ίμαν.
916 1442 1025 1497 Contra
1042 1445 1269 1515 responsionem,
1289 1460 1375 1514 quam

250 1534 434 1587 Hermannus
455 1533 596 1601 instituit,
619 1549 684 1621 pag
704 1533 737 1585 27
757 1532 930 1586 sententiam
953 1537 1080 1586 nostram
1099 1533 1274 1602 aperuimus,
1298 1550 1375 1587 nunc

251 1627 378 1676 nostrum
398 1626 450 1688 est,
469 1622 622 1676 dimetrum
641 1603 811 1676 iambicum²
813 1625 822 1690 )
841 1620 1004 1676 defendere.

339 1711 414 1765 Sanc
434 1711 536 1765 mirum
555 1711 677 1776 videtur,
700 1710 776 1780 quod
795 1711 855 1765 fere
875 1727 972 1765 omnes
991 1710 1128 1779 editores,
1151 1715 1303 1781 postquam
1322 1711 1375 1766 902

251 1800 347 1869 legere
372 1805 541 1870 coeperunt:
565 1793 733 1868 ἀπόλεμοςθ)
747 1841 752 1852 .
768 1841 775 1853 .
790 1842 816 1854 ..
836 1800 941 1869 partim
964 1800 1022 1853 iam
1040 1799 1128 1853 verbo
1147 1797 1268 1870 πόριμος
1284 1800 1374 1854 subsi-

250 1887 366 1958 stunc),
386 1889 491 1959 partim
510 1888 576 1942 inde
596 1888 632 1942 ab
651 1882 794 1954 ἀπόλεμος
811 1905 900 1958 usque
920 1888 957 1941 ad
976 1889 1017 1952 τίς
1035 1880 1069 1942 ἄν
1087 1888 1223 1958 leguntl),
1241 1890 1373 1958 partimi)

250 1978 316 2033 inde
341 1996 358 2032 a
380 1976 501 2050 πόριμος
527 1995 617 2050 usque
646 1977 682 2031 ad
705 1977 839 2047 γενοίμαν
862 1993 967 2030 novum
995 1983 1126 2032 statuunt
1150 1993 1270 2032 versum.
1311 1979 1373 2048 Ego

251 2066 366 2138 quidem
389 2069 494 2133 fateor,
523 2067 573 2122 uhi
596 2068 720 2138 primum
747 2065 814 2121 inde
838 2065 875 2120 ab
900 2061 1042 2132 ἀπόλεμος
1065 2072 1118 2121 000.
1143 2066 1230 2121 verba
1253 2067 1373 2121 recitare

251 2157 345 2226 coepi,
369 2174 413 2211 me
432 2174 490 2211 non
509 2158 588 2227 prius
612 2173 693 2226 posse
713 2156 881 2224 consistere,
905 2173 991 2226 quam
1010 2150 1070 2209 οὐδ’
1090 2161 1236 2211 assecutus
1259 2157 1320 2221 sim,
1340 2187 1373 2196 -

250 2251 311 2298 tum
330 2262 397 2299 vero
416 2262 515 2299 vocem
534 2261 626 2299 meam
644 2244 799 2298 subsistere
819 2245 919 2298 sentio.
957 2244 1093 2315 Sequitur
1113 2244 1234 2298 dimeter
1252 2246 1304 2300 903
1323 2261 1375 2316 per

251 2351 335 2404 quem
354 2341 440 2404 poeta
459 2335 569 2388 animos
592 2333 771 2388 audientium
789 2351 804 2387 a
824 2334 955 2388 trimetro
975 2333 1068 2388 soluto
1088 2333 1125 2387 ad
1147 2334 1325 2388 trochaicum
1345 2343 1375 2388 et

250 2424 468 2494 pherecrateum
486 2424 624 2478 traducit:

320 2539 339 2566 υ
351 2525 369 2566 ui
379 2539 398 2566 υ
409 2540 428 2567 υ
439 2526 458 2567 ii
469 2540 487 2566 υ
498 2539 517 2566 υ
529 2526 547 2566 υ
558 2538 577 2566 υ
588 2537 606 2566 υ
618 2526 637 2567 υ
647 2539 666 2566 υ
677 2538 696 2566 υ
708 2525 726 2565 υ
737 2539 755 2566 υ
766 2539 785 2566 υ
796 2559 815 2567 -
833 2513 977 2583 Imprimis
995 2512 1124 2582 syllabae
1143 2512 1300 2602 productae

834 2607 887 2661 sub
905 2606 992 2660 finem
1011 2605 1137 2660 dimetri:
1157 2603 1290 2675 γενοιμαν

830 2696 888 2749 iam
912 2693 948 2747 ad
967 2694 1188 2749 descendentem
1206 2696 1374 2766 rhythmum

410 2829 428 2838 -
831 2785 1045 2853 praeparant.⁷),
1064 2800 1131 2837 nam
1147 2784 1299 2854 rhythmus
1313 2785 1374 2854 qui·

250 2872 315 2926 dam
335 2890 393 2927 nou
412 2889 531 2943 semper,
551 2872 600 2926 sed
619 2871 771 2942 paullatim
790 2872 819 2925 in
839 2872 928 2925 alium
946 2871 1059 2925 traduci
1078 2872 1182 2940 solet.⁸)

340 2965 394 3028 ag.
409 2963 494 3017 1090:
514 2955 548 3014 iol
569 2956 602 3014 ici
621 2961 759 3024 ταλαίνας.
796 2960 963 3014 Dindorfius
976 2961 1072 3016 hercle
1085 2961 1270 3016 vehementer
1288 2967 1373 3026 errat,

252 3050 300 3119 qui
329 3035 475 3120 dipbdiam
503 3050 655 3104 iambicam
684 3067 748 3104 cum
772 3050 904 3104 dochmio
928 3051 1110 3105 coniunctam
1138 3056 1261 3104 metrum
1288 3051 1373 3105 huius

251 3156 347 3193 versus
378 3145 470 3210 putat.
524 3139 642 3194 Rectius
673 3138 841 3208 Christius9)
873 3138 1026 3193 dimetrum
1057 3156 1173 3210 syncop.
1209 3139 1373 3194 dochmium

250 3229 361 3298 praeire
380 3226 479 3295 credit,
499 3245 563 3282 curn
576 3227 757 3298 Seidlerus10)
777 3234 807 3282 00
823 3229 1045 3296 Hermannns¹¹)
1065 3228 1100 3282 de
1119 3228 1251 3282 dochmio
1270 3229 1373 3299 hyper-

251 3318 334 3372 catal.
354 3319 516 3389 cogitarent
504 3324 564 3373 tet
582 3317 776 3373 Rossbachius
784 3318 815 3388 ι1)
839 3318 963 3389 primum
986 3313 1020 3371 ἰώ
986 3317 1161 3372 1.(101οι00
1201 3318 1258 3373 Sed
1282 3319 1373 3373 altera

251 3423 316 3476 pars
328 3424 437 3461 versus:
457 3403 632 3473 κακόποτμοι
645 3403 725 3476 τύχαι
744 3408 871 3493 magis
853 3406 979 3460 dochmii
998 3408 1121 3477 speciem
1140 3406 1268 3477 praebet,
1288 3425 1373 3478 quam

250 3496 366 3550 iambici
378 3513 484 3563 versus,
503 3501 652 3566 praeterea
665 3492 731 3563 τονή
744 3497 774 3548 in
793 3499 923 3559 ταλαινας
935 3501 1005 3550 omit
983 3495 1094 3550 ’ttenda
1107 3513 1164 3550 non
1177 3502 1248 3564 erat,
1267 3497 1373 3567 quippe

341 3637 421 3704 l)cf.
440 3635 675 3691 Rossbachium
668 3656 697 3692 m
717 3638 801 3692 Metr.
820 3655 885 3708 pag.
907 3639 1020 3692 119.-
1040 3639 1067 3706 2)
1087 3655 1172 3708 quem
1191 3655 1256 3692 cum
1269 3639 1373 3692 Weilio

251 3715 330 3785 (edit.
352 3716 431 3785 1891)
450 3717 610 3771 statuimus.
635 3749 669 3756 -
697 3719 724 3787 3)
744 3719 799 3772 nisi
818 3718 895 3788 quod
913 3717 1080 3772 Dindorfius
1099 3715 1285 3786 declinaturos
1303 3717 1374 3788 legit

251 3800 280 3848 et
298 3796 449 3850 trochaeos
468 3797 581 3866 accipit,
601 3799 650 3867 qui
669 3798 705 3852 ab
724 3798 779 3852 hoc
799 3798 918 3869 epodico
937 3799 1023 3869 longe
1043 3799 1207 3854 abhorrent.
1232 3831 1266 3838 -
1294 3800 1322 3869 4)
1342 3805 1374 3853 ut

251 3874 327 3944 apud
346 3875 566 3942 Kirchhoffium,
586 3877 804 3946 Weckleinium,
823 3877 1014 3933 Schmidtium
1033 3877 1169 3933 videmus.
1199 3910 1232 3918 —
1261 3882 1287 3947 5)
1306 3883 1374 3933 uta

251 3955 355 4010 Weilio
380 3953 457 4024 (edit.
483 3956 562 4024 1864)
587 3963 616 4013 00
634 3958 854 4012 Wilamowitzio
879 3957 945 4027 (1.1.
970 3975 1034 4028 pag.
1061 3958 1105 4027 18)
1128 3958 1237 4012 factum
1260 3964 1311 4013 est.
1341 3990 1374 3998 —

251 4037 278 4104 6)
297 4042 330 4089 ut
344 4036 586 4092 Hermannusffi
606 4037 687 4104 1)1(10
706 4055 763 4108 qua
782 4055 812 4092 re
832 4037 993 4092 accuratius
1012 4038 1058 4108 egi
1077 4039 1172 4108 capite
1191 4038 1245 4107 ΙΙΙ,
1264 4038 1301 4092 ad
1320 4039 1374 4108 Ag.

252 4116 304 4168 225
323 4133 437 4186 sqq.-
456 4117 483 4185 8)
502 4117 537 4171 cf.
556 4116 721 4186 Christiurn,
741 4118 825 4172 Metr.
837 4133 929 4251 pagg
950 4118 1010 4185 630,
1030 4118 1090 4184 631,
1111 4119 1224 4172 631-
1191 4121 1271 4186 -9)
1290 4119 1374 4172 Metr.
1447 4108 1452 4126 '

251 4211 315 4264 pag.
335 4196 451 4249 446-
471 4196 553 4265 10)1
572 4197 591 4251 l.
611 4213 676 4268 pag.
698 4161 811 4252 1770-
837 4197 979 4266 ll)elem.
999 4213 1064 4267 pag.
1083 4197 1203 4252 254.-
1169 4198 1271 4269 -12)
1290 4198 1374 4252 Metr.

250 4291 314 4345 pag.
336 4275 395 4329 114.
