3176 5060
662 305 884 363 ,39-

213 473 262 528 sed
286 472 400 530 dimetri
423 475 514 545 magis
536 474 574 528 ad
597 475 720 546 speciem
747 475 837 530 totius
864 476 998 547 strophae
1023 475 1178 547 quadrant,
1207 479 1256 548 qui
1284 496 1334 549 per

212 561 367 617 lambicum
389 580 503 618 versum
526 562 673 618 finiuntur.
710 564 854 634 Imprimis
877 565 932 619 hoc
954 565 1130 635 Aeschylum
1153 566 1240 636 sapit,
1264 566 1335 621 duos

212 667 311 706 versus
329 651 457 706 eiusdem
476 652 584 706 formae
603 651 704 706 eodem

213 739 339 810 incipere
357 739 458 794 verbo:
477 740 519 804 τίς
537 730 572 794 dv
589 741 752 822 καθαρμ11)

479 823 654 897 sicciscos.
716 825 724 892 1

303 917 385 987 83131.
404 919 472 973 8173
497 910 593 982 ἔτευξα
610 913 708 990 τύμβῳ
725 915 810 985 μέλος
827 919 946 974 fortasse
965 918 1041 974 idem
1060 919 1117 975 huc
1136 925 1255 990 spectat,
1280 920 1336 974 nisi

212 1005 287 1060 forte
311 1021 376 1059 curn
399 1011 536 1076 sequente
556 1023 639 1060 versu
662 1007 831 1061 coniunctus
854 1013 1053 1061 tetrametrum
1077 1007 1181 1078 efficit,
1203 1007 1264 1064 -sed
1288 1009 1335 1062 hic

212 1111 327 1165 quoque
344 1093 484 1149 iudicium
502 1094 612 1149 differo.
630 1118 666 1147 ω
684 1097 752 1152 8203
771 1093 891 1166 μέριμνα
910 1089 934 1150 δ’
954 1090 1026 1163 άμφὶ
1043 1094 1150 1152 πτόλιν.

302 1183 382 1252 Sept.
401 1184 454 1240 863
472 1205 508 1235 ω
526 1186 590 1240 850.

302 1273 384 1343 Sept.
404 1272 471 1329 8003
491 1273 656 1340 τετυμμένοι
669 1268 732 1341 δῆο’
746 1266 800 1341 όμο
812 1274 827 1344 1-
839 1296 875 1325 ω
887 1275 939 1329 877
946 1291 955 1331 3
975 1272 1101 1328 στένουσι
1114 1272 1224 1346 πύργοι,
1238 1273 1335 1330 στένει.

771 806 807 836 ω
824 786 891 841 7303
910 781 1102 853 μεσομφάλοις
1121 785 1263 851 Πυθικοῖς.

212 1360 386 1432 Intellegere
409 1378 468 1416 non
491 1379 618 1433 possum,
643 1379 699 1433 quo
718 1363 779 1416 iure
798 1362 907 1418 Weckl.
930 1395 961 1403 -
986 1363 1151 1418 Zomerides
1169 1380 1186 1418 a
1205 1364 1335 1418 sollemni

212 1468 290 1506 more
315 1451 485 1506 recesserint
507 1458 537 1506 et
559 1451 726 1523 tripodium:
750 1450 915 1519 τετυμμένοι
937 1447 1011 1521 δῆθ’,
1033 1458 1096 1507 tum
1117 1453 1334 1523 pentapodiam:

212 1534 437 1609 ὁμοσπλάγχνων
455 1557 486 1595 τε
504 1538 713 1612 πλευρωμάτων
731 1542 893 1596 statuerint.
930 1542 1005 1596 Nam
1028 1543 1082 1612 ipsi
1101 1542 1216 1597 dimetri
1234 1560 1334 1612 synco-

212 1630 275 1700 pati
292 1631 322 1683 iu
341 1629 469 1695 canticis,
492 1630 596 1700 quibus
615 1631 748 1702 querelae
755 1630 776 1700 ²)
796 1625 992 1700 effunduntur,
1011 1648 1028 1685 a
1047 1637 1133 1702 poeta
1152 1631 1335 1701 adhibentur,

213 1720 263 1787 ita,
281 1724 315 1773 ut
333 1718 394 1773 bini
413 1736 443 1773 se
462 1719 616 1790 excipiant.
655 1720 808 1776 Praeterea
827 1721 856 1774 in
871 1721 1052 1793 antistropha
1070 1720 1190 1776 similem
1204 1739 1336 1776 versuum

214 1809 339 1863 exitum:
359 1805 448 1862 στένει
467 1814 496 1862 31
514 1807 592 1875 μένει
609 1826 667 1863 non
686 1826 754 1864 casu
773 1809 909 1864 accidisse
929 1810 1106 1865 crediderim.

302 1897 385 1966 83131.
404 1897 456 1952 807
475 1919 512 1948 ω
530 1898 593 1953 878.
631 1898 712 1968 83131.
732 1899 786 1954 800
804 1921 840 1950 ω
858 1900 921 1955 901.
959 1899 1041 1968 83131.
1061 1899 1111 1953 801
1132 1919 1168 1949 ω
1185 1900 1249 1954 002.

303 1984 385 2055 Sept.
404 1985 472 2043 9113
493 1987 656 2057 διαρταμαῖς
674 1980 708 2042 οὐ
721 1987 821 2056 φίλαις.
852 1987 941 2042 Codd.
962 1988 1124 2042 trochaeos:
1145 1991 1289 2053 διατομαῖς
1301 1982 1335 2041 σά

213 2076 306 2144 φίλαις
318 2087 337 2128 c
347 2101 366 2127 υ
377 2101 396 2127 υ
408 2108 442 2128 ι.
455 2120 473 2129 -
485 2101 504 2128 υ
516 2108 551 2128 ι.
569 2075 739 2131 Schuetzius
758 2083 787 2131 et
800 2076 966 2132 Dindorfius
985 2077 1110 2148 amplexi
1129 2083 1196 2131 sunt
1214 2078 1245 2131 in
1264 2077 1337 2131 anti·

213 2164 403 2235 3133103028
421 2180 473 2234 133ο
492 2161 645 2219 διοσδότων
663 2165 792 2236 legentes
811 2162 954 2221 διοδότων.
992 2165 1049 2222 Sed
1061 2165 1180 2220 verbum
1193 2161 1338 2230 διόσδοτος

214 2253 328 2308 nrinime
347 2269 398 2323 per
411 2254 497 2307 aliam
510 2270 618 2322 vocem,
638 2270 711 2324 quae
723 2253 793 2308 alibi
812 2271 869 2308 non
883 2256 1016 2323 occurrit,
1034 2251 1215 2320 331διόδοτος,
1234 2256 1337 2309 eicien-

213 2341 281 2396 dum
310 2348 384 2410 erat,
413 2359 478 2396 cum
506 2343 599 2414 ipsum
628 2343 704 2414 apud
729 2343 932 2414 Aeschylum)
956 2341 1103 2408 διόσδοτος
1125 2343 1170 2398 bia
1193 2343 1337 2414 legaturf)

213 2432 248 2484 In
271 2431 354 2485 initio
378 2431 467 2502 igitur
486 2432 684 2502 antistrophae
707 2432 780 2486 nihil
802 2433 891 2497 inest,
916 2432 992 2502 quod
1011 2433 1196 2487 offensionem
1216 2439 1337 2500 moveat,

214 2537 301 2591 quare
324 2520 447 2575 iambico
470 2521 565 2575 locum
595 2537 654 2575 esse
677 2519 801 2575 arbitror
829 2526 858 2574 et
885 2521 915 2574 in
944 2521 1062 2591 stropha
1086 2537 1151 2574 curn
1174 2519 1336 2574 Hermanno

214 2610 376 2680 διαράαμαῖς
392 2608 574 2664 scribendum
588 2611 679 2678 esse.⁶)
710 2608 867 2681 Repulsam
880 2616 975 2664 autern
989 2610 1100 2664 Reiteri
1118 2609 1215 2680 opinio
1228 2609 1337 2676 133313),

214 2699 262 2768 qui
286 2716 321 2752 ne
345 2699 394 2753 hic
417 2698 533 2770 quidem
557 2715 614 2752 non
638 2698 767 2764 dubitat,
790 2697 925 2752 traditam
949 2697 1104 2753 lectionem
1126 2697 1280 2753 defendere
1304 2715 1337 2752 ac

213 2804 310 2842 versus
328 2794 464 2856 statuere,
484 2788 533 2858 qui
552 2805 691 2859 nusquam
711 2788 766 2842 sibi
784 2788 956 2859 respondere
975 2794 1102 2859 possunt.

305 2878 450 2943 διατομαῖς
468 2871 503 2931 οὐ
521 2896 551 2946 φ.
570 2888 784 2931 «ωσι--.3-

303 2960 457 3019 διοσδότων
475 2959 591 3033 ἀχθέων
607 2991 626 3018 υ
637 3011 655 3020 -
667 2991 830 3020 ......

303 3054 385 3123 83131.
405 3055 456 3109 017
476 3076 511 3106 ω
531 3055 594 3110 020.

303 3143 385 3212 Sept.
409 3144 477 3199 0203
501 3137 589 3207 κακός
611 3137 730 3212 δατητὰς
750 3136 835 3215 Ἄρης,
877 3143 985 3198 Weckl.
1006 3175 1039 3183 —
1063 3143 1227 3197 Zomerides
1250 3142 1297 3196 hic
1321 3159 1339 3195 a

214 3249 291 3286 more
310 3232 395 3287 solito
414 3231 594 3287 deflexerunt
612 3233 782 3288 scribentes:
804 3251 866 3286 κακ.
887 3233 945 3286 δατ.
961 3225 1014 3303 Ἄρ.
1034 3226 1105 3303 άράν
1123 3228 1220 3303 πατρῴ
1233 3233 1235 3293 ζ
1248 3250 1283 3285 αν
1300 3248 1337 3285 τι·

215 3324 275 3386 θεὶς
293 3316 392 3390 άλαθῆ.
431 3323 488 3378 830
507 3323 599 3378 multo
612 3324 702 3393 magis
717 3340 781 3378 curn
800 3323 916 3392 ingenio
929 3322 999 3377 artis
1012 3322 1190 3391 Aeschyleae
1203 3322 1337 3389 concinit,

214 3412 361 3481 stropham
384 3411 536 3466 iambicam
555 3412 651 3466 claudi
674 3429 725 3482 per
744 3411 897 3466 dimetrum
916 3411 1002 3466 iamb.
1026 3427 1104 3480 sync.
1129 3417 1158 3465 et
1176 3411 1337 3464 trimetrum

215 3502 316 3570 syncJ)
334 3523 370 3553 m
388 3502 457 3558 0823
476 3497 507 3555 έν
525 3493 570 3565 αῖς
587 3497 730 3556 ἐθείνοντο
748 3501 803 3556 καί.

304 3589 411 3659 81313131.
431 3591 481 3645 607
502 3611 538 3640 ω
556 3591 618 3645 673.
656 3589 763 3659 83313131.
782 3591 835 3644 068
853 3611 889 3641 ω
907 3591 971 3645 074.
1008 3589 1115 3659 Suppl.
1135 3589 1186 3644 746
1206 3609 1242 3639 ω
1260 3588 1324 3644 762.

306 3829 386 3897 1131.
405 3828 531 3898 Choeph.
551 3829 660 3900 419120,
680 3829 788 3899 424125.
809 3859 842 3868 -
864 3829 891 3896 2)
910 3828 947 3882 cf.
968 3847 1012 3882 vv.
1033 3828 1082 3881 721
1104 3833 1132 3881 31
1152 3827 1218 3894 722,
1237 3825 1290 3881 800
1309 3833 1338 3880 31

216 3909 281 3974 891,
304 3909 381 3964 Ρ333.
401 3908 453 3963 080
473 3908 587 3977 31981,
611 3908 662 3962 ch.
683 3910 734 3963 410
754 3915 783 3963 31
801 3909 863 3976 420,
881 3908 936 3961 424
954 3914 984 3962 31
1003 3908 1063 3962 425.
1091 3941 1126 3947 -
1155 3907 1236 3974 3131.
1255 3906 1337 3960 Eum.

215 3989 277 4056 616,
290 3990 344 4060 Ag.
361 3990 439 4056 1345,
458 3988 509 4043 ubi
527 4006 579 4060 per
591 3989 750 4043 Porsonum
769 3989 933 4042 restitutum
953 3993 1003 4042 est.
1024 4022 1058 4028 —
1076 3988 1104 4054 4)
1122 4003 1175 4040 3333
1188 3986 1338 4054 Pindarus,

216 4069 265 4138 qui
283 4069 426 4124 affinitate
446 4069 568 4140 quadam
588 4085 653 4123 cum
670 4068 814 4137 Aeschylo
833 4068 1003 4122 coniunctus
1022 4073 1073 4133 est,
1093 4083 1110 4120 a
1128 4066 1216 4121 verbo
1235 4065 1338 4120 abhor-

216 4148 286 4202 ruit:
306 4145 451 4212 διόσδοτος
469 4143 549 4217 αἴγλη
567 4147 753 4219 (pyth.VIII‚
768 4148 828 4215 100)
846 4136 993 4210 διόσδοτος
1010 4139 1083 4217 άρχά
1102 4146 1195 4215 (frgm.
1206 4145 1280 4200 VIII
1293 4161 1338 4215 ap.

216 4227 411 4298 Boeclrhium).
431 4261 466 4270 -
485 4231 511 4298 5)
531 4227 566 4281 de
586 4243 643 4297 quo
662 4227 793 4280 conseras
811 4226 1006 4280 Hermannum
1025 4226 1054 4278 in
1074 4226 1286 4280 commentario.
1304 4259 1338 4264 —

216 4307 280 4375 611.
299 4307 318 4360 l.
337 4324 402 4377 pag.
424 4307 483 4361 158.
501 4341 537 4348 -
557 4309 584 4376 7)
603 4308 638 4361 cf.
658 4306 710 4361 Oh.
730 4306 839 4376 306107,
857 4306 964 4376 420121,
983 4305 1092 4374 425126,
1112 4304 1338 4376 83313111166160.
