3176 5060
697 315 918 374 *92-

250 485 296 556 (V.
316 487 342 555 5)
362 486 465 554 elucet,
484 491 584 556 postea
602 492 698 540 autem
717 486 830 557 planius
849 486 1019 558 exprimitur
1037 486 1067 541 in
1086 484 1261 558 pentapodia
1279 485 1325 558 (V.
1340 486 1368 554 6)

249 576 332 646 (quae
351 580 463 630 constat
482 592 518 630 ex
537 574 653 644 dactylo
672 581 701 630 et
720 580 857 645 quattuor
875 574 1026 644 trochaeis,
1045 591 1165 646 quorum
1183 576 1286 629 tertius
1304 592 1370 646 syn-

249 670 368 735 copatus
391 665 457 734 σεεμ
481 663 585 719 exinde
608 663 760 734 rhythmus
783 664 946 720 trochaicus
971 681 1001 720 se
1020 665 1117 733 offert,
1141 665 1191 735 qui
1213 681 1264 735 per
1286 659 1370 728 τονάς

249 754 330 824 gravi
348 752 474 826 pondere
493 771 545 809 nos
563 754 676 824 premit,
694 754 833 824 imprimis
847 755 884 810 V.
897 753 923 823 8,
943 771 1000 826 quo
1018 754 1093 808 solas
1111 751 1266 824 productas
1284 753 1370 824 sylla-

249 843 301 899 bas
322 843 469 910 habemus,
487 842 538 898 scd
556 860 623 898 mox
641 843 793 914 rhythmus
811 843 933 898 alacrior
951 849 981 899 et
1000 843 1125 899 vivacior
1144 843 1185 910 fit,
1204 849 1237 898 ut
1256 842 1370 914 logaoe·

250 933 330 989 dicus
349 933 396 1003 (V.
415 934 441 1003 9)
460 932 577 988 indicat.
615 932 675 988 Sub
694 931 781 988 finem
800 940 897 990 autem
916 933 1027 988 numeri
1045 931 1175 1001 iambici,
1199 932 1248 1003 qui
1267 931 1334 986 inde
1353 949 1371 984 a

250 1023 285 1078 V.
309 1024 327 1078 4
350 1023 436 1093 plane
463 1021 642 1091 deiecerant,
672 1023 776 1078 iterum
804 1022 971 1094 prosiliunt,
998 1023 1093 1092 specie
1121 1021 1269 1093 dipodiee,
1297 1038 1370 1092 quae

250 1112 435 1183 pherecratco
454 1113 655 1183 praemittitur.

312 1256 340 1326 d)
359 1255 455 1323 iambi,
475 1256 645 1322 trochaicus,
664 1255 836 1327 logaoedici:
856 1256 1030 1311 clauduntur
1049 1272 1100 1326 per
1118 1254 1304 1310 trochaicum.

339 1354 470 1425 (theoph.
489 1356 538 1410 aa:

286 1437 379 1508 ἰαλτὸς
397 1441 429 1499 ἐκ
447 1439 543 1513 δόμων
562 1437 629 1514 ἔβαν
907 1468 1133 1498 υ..υ-υ-υ,
1355 1442 1370 1496 1

286 1527 355 1602 χοάς
372 1527 542 1606 προπομπὸς
560 1528 681 1605 ὀξύχειρι
700 1528 752 1588 σόν
768 1529 849 1606 κόπῳ
909 1558 1254 1588 ο-υ-υ-ο-υ-υ-

285 1620 385 1694 πρέπει
403 1626 507 1694 παρῇσι
525 1623 644 1691 φοινίοις
662 1616 790 1692 άμυγμός

286 1701 387 1780 ὄνυχος
404 1702 484 1766 άλοκι
503 1706 637 1784 νεοτόμῳ.

287 1795 321 1854 δι’
341 1798 441 1866 αἰῶνος
459 1794 484 1854 δ’
503 1798 624 1870 ἰυγμοῖσι
641 1796 774 1871 βόσκεται
791 1798 867 1870 κέαρ.
909 1825 1128 1853 οιΑ-,οι-
1141 1825 1335 1852 -υ,ο,ο-
1355 1801 1372 1851 5

286 1887 452 1964 λινοφθόροι
471 1885 496 1943 δ’
515 1881 688 1957 άφασμάτων

286 1979 395 2043 λακίδες
414 1971 536 2047 ἔφλαδον
554 1971 601 2033 ὑπ’
620 1969 732 2048 ἄλγεσιν

287 2064 453 2141 πρόστερνοι
470 2070 584 2136 στολμοί
601 2065 715 2123 πέπλων
728 2060 891 2138 ἀγελάστοις
911 2114 928 2120 -
942 2084 959 2119 ῡ
971 2114 989 2121 -
1001 2083 1019 2120 v
1030 2114 1049 2121 -
1060 2094 1078 2120 υ
1090 2114 1108 2122 „
1120 2095 1138 2120 o
1150 2094 1168 2120 υ

287 2161 441 2229 ξυμφοραῖς
458 2155 670 2226 πεπληγμένων.
1092 2204 1110 2212 -

341 2247 529 2302 Severitatem
548 2263 582 2303 ac
600 2247 771 2318 gravitatem
790 2247 904 2302 initium
923 2247 1058 2318 strophae
1077 2247 1175 2318 spirat,
1198 2253 1230 2302 ut
1249 2264 1285 2301 ex
1304 2247 1372 2301 iam·

251 2336 296 2391 bis
314 2336 392 2408 puris
407 2335 544 2407 videmus,
563 2336 612 2407 qui
630 2335 720 2390 solam
739 2353 790 2406 per
808 2352 952 2408 syncopen
972 2335 1039 2406 (fine
1059 2352 1156 2392 versus
1174 2336 1264 2406 tertii)
1283 2336 1372 2391 varia-

250 2427 357 2482 tionem
381 2442 499 2497 parvam
522 2425 687 2480 admittunt.
725 2426 799 2480 Tum
822 2424 975 2496 rhythmus
999 2426 1089 2496 magis
1108 2425 1247 2480 fluctuare
1271 2425 1372 2496 incipit

251 2517 372 2572 dimetro
395 2517 541 2572 trochaico
564 2516 658 2572 soluto
683 2522 713 2570 et
740 2521 907 2571 tetrametro
935 2515 1059 2570 iambico
1082 2521 1254 2586 syncopato,
1281 2515 1372 2569 donec

252 2625 349 2662 versus
368 2611 530 2677 sequentes:
555 2606 675 2662 dimeter
693 2623 781 2678 purus
805 2613 835 2661 et
853 2605 975 2671 solutus,
999 2621 1017 2658 a
1039 2605 1207 2676 logaoedico
1227 2605 1371 2676 excipian-

252 2702 312 2765 tur,
336 2697 385 2767 qui
408 2697 469 2766 ipse
488 2697 595 2768 optime
619 2714 670 2768 per
689 2696 842 2751 dimetrum
865 2695 1043 2750 trochaicum
1062 2695 1214 2750 clauditur.
1251 2696 1307 2750 Res
1325 2695 1372 2749 bic

252 2786 395 2840 contraria
418 2791 461 2840 est
485 2803 518 2840 ac
542 2786 641 2858 Suppl.
667 2787 733 2856 562,
760 2788 814 2857 Ag.
839 2785 908 2842 1492
932 2803 993 2857 sqq.
1017 2785 1118 2856 Agam.
1143 2785 1209 2856 233,
1236 2803 1303 2840 nam
1325 2785 1373 2839 hic

251 2874 433 2946 logaoedicus
452 2875 560 2930 ultimis
577 2875 696 2946 syllabis
714 2875 861 2946 productis
881 2892 963 2930 aures
982 2873 1018 2928 ad
1037 2875 1188 2930 trochaeos
1206 2879 1372 2945 praeparat:

251 2958 413 3034 ἀγελάστοις
429 2967 433 3033 Ι
449 2969 603 3036 ξυμφοραῖς
621 2968 678 3021 κτλ.

252 3063 270 3088 υ
287 3065 305 3088 υ
337 3053 346 3073 ‘
381 3053 389 3072 ¹
462 3081 479 3090 ...
524 3063 543 3089 υ
560 3081 578 3089 -

323 3071 401 3088 Ιι-.Ι--

315 3182 340 3250 e)
358 3180 456 3249 iambi,
474 3181 611 3250 trochaei,
630 3179 826 3250 logaoedicus:
846 3180 1020 3236 clauduntur
1039 3180 1160 3236 dimetro
1179 3180 1310 3235 iambico.

341 3278 447 3350 Sirppl.
467 3280 536 3334 1222

572 3354 663 3413 πλάτα
679 3357 733 3427 μὲν
751 3347 802 3413 σόν
819 3355 988 3431 λινορραφής
1037 3384 1262 3413 υ-ο-υ-υ-
1359 3359 1371 3410 l

574 3465 605 3502 τε
623 3443 710 3516 δόμος
728 3438 780 3502 tito
800 3447 906 3518 στέγων
925 3446 1010 3520 δορός
1038 3460 1146 3500 οσον
1158 3473 1265 3501 .-ο-ο
1277 3465 1295 3500 a

573 3531 723 3607 άχείματόν
740 3531 770 3606 μ’
790 3530 897 3606 ἔπεμπε
916 3535 968 3592 σόν
1037 3565 1085 3591 υ-
1097 3563 1116 3590 ο
1156 3563 1175 3588 o
1216 3562 1265 3590 υ-

574 3633 681 3690 πνοαῖς·
700 3621 765 3682 οὐδὲ
783 3625 937 3695 μέμφομαι·
1036 3652 1053 3678 o
1066 3657 1100 3678 n.
1114 3671 1132 3680 -
1144 3652 1162 3678 ο
1173 3672 1192 3679 -
1203 3651 1251 3680 υ-

573 3710 701 3779 τελευτάς
719 3709 743 3769 δ’
763 3704 798 3769 άν
816 3711 847 3768 ἐν
863 3712 955 3787 χρόνῳ
1035 3741 1053 3766 o
1143 3740 1161 3766 υ
1202 3740 1221 3766 υ

572 3801 739 3875 παντάρχας,
757 3801 920 3867 παντόπτας

572 3900 735 3967 πρευμενεῖς
752 3894 879 3958 κτίσειεν,
1157 3941 1176 3948 ,

573 3981 682 4055 σπέρμα
700 3987 803 4051 σεμνᾶς
820 3981 892 4051 μέγα
910 3978 1016 4053 ματρός
1037 4029 1055 4036 -
1067 4007 1085 4035 ο
1097 4015 1131 4034 ε.
1144 4029 1163 4036 ,
1174 4008 1193 4034 ο
1204 4009 1223 4034 ο
1234 4028 1252 4036 -
1264 4007 1283 4034 ο

574 4069 657 4138 εὐνάς
675 4067 795 4144 ἀνδρῶν,
815 4066 830 4125 ἒ
847 4064 869 4137 ό,
1039 4104 1074 4123 μ
1086 4117 1105 4125 -
1117 4088 1136 4124 a
1147 4118 1165 4125 -
1176 4097 1195 4123 ο
1206 4088 1225 4114 υ

573 4151 682 4232 ἄγαμον
701 4155 844 4229 ἀδάματον
862 4158 1001 4231 ἐκφυγεῖν.
1037 4187 1054 4213 υ
1066 4173 1085 4212 o
1095 4187 1114 4213 υ
1125 4187 1144 4213 υ
1155 4173 1174 4213 ab
1185 4187 1203 4213 υ
1214 4186 1233 4212 υ
1244 4207 1263 4214 -
1275 4186 1292 4212 υ
1303 4205 1322 4214 -
1341 4161 1376 4215 10

342 4252 465 4307 Dimetri
484 4251 609 4320 iambici,
629 4252 677 4323 qui
697 4269 754 4305 uno
769 4257 868 4306 tenore
888 4255 1007 4305 currunt
1025 4251 1116 4320 (1-3)
1136 4249 1243 4321 optime
1262 4266 1376 4304 cursum

255 4342 426 4396 maritimum
455 4341 629 4411 depingunt,
657 4346 686 4395 et
714 4341 941 4410 navigationem,
970 4357 1043 4409 quae
1067 4340 1147 4395 nullo
1171 4337 1376 4409 impedimento
