3176 5060
727 275 948 334 ..16.-

276 442 353 497 haud
382 451 564 513 consonaret,
596 443 723 501 diversae
752 443 787 498 de
815 460 947 500 mensura
976 445 1107 514 prolatae
1134 454 1201 502 sunt
1228 452 1395 507 sententiae.

276 532 448 603 5515153351)
467 525 575 588 tradita
593 534 687 588 tenuit
706 538 736 604 et
754 532 900 587 dochmios
919 550 1051 589 numeros
1063 534 1131 589 huic
1143 539 1237 591 versui
1250 540 1395 596 attribuit:

276 615 575 690 translationemve
598 666 644 676 .-
658 633 778 689 coc„
806 627 840 675 ut
863 620 1060 692 responderet:
1084 613 1185 691 ὅμοιαν
1207 623 1296 694 θέμιν.
1339 628 1396 684 Sed

275 716 407 781 potestne
427 710 502 778 fieri,
525 715 559 765 ut
580 709 694 779 syllaba
716 704 777 777 ἅμπ
796 710 966 782 corripiatur
985 728 1039 782 ego
1057 711 1260 780 dubitaverim,
1284 715 1320 769 de
1339 735 1396 787 qua

275 815 306 854 re
329 800 460 854 conferas
489 798 753 869 Bambergcrum²)‚
781 800 830 870 qui
857 793 918 870 ipse
946 796 1069 855 ὶππαδόν
1086 813 1164 856 ,cc
1186 804 1340 874 proposuit.
1360 835 1395 843 -

276 887 436 942 concedere
456 886 593 942 debemus
609 887 728 943 difficile
748 905 808 944 5555
828 888 994 962 diiudicare,
1013 896 1109 946 utrum
1128 890 1259 947 dochmio
1272 909 1308 948 an
1326 894 1395 948 iam·

274 976 340 1032 bico
359 977 456 1047 palma
478 976 574 1050 danda
596 978 646 1043 sit;
671 977 791 1032 fortasse
810 977 847 1032 ob
867 977 896 1032 id
915 978 1040 1049 tripodia
1063 979 1186 1034 iambica
1208 969 1395 1051 pracferenda

275 1071 332 1134 est,
355 1065 432 1136 quod
455 1052 553 1132 ductor
573 1066 607 1120 V.
627 1067 679 1120 419
698 1066 889 1137 suspicionem
912 1073 1021 1134 movet,
1045 1085 1110 1122 cum
1135 1067 1270 1124 diverbiis
1292 1071 1395 1140 potins,

275 1170 361 1224 quam
373 1153 493 1207 canticis
511 1152 630 1224 dignum
649 1154 717 1223 sit.⁸)
748 1154 844 1219 Quare
858 1171 923 1209 cum
935 1155 1092 1210 Klausenio
1106 1151 1217 1223 ὁμοΐίοιν
1229 1162 1280 1211 aut
1292 1159 1396 1213 rectius

275 1258 339 1295 cum
352 1241 583 1312 'Heimsoethio⁴)
608 1237 777 1314 ἄντίῤῥονιον
800 1240 883 1310 θέμιν
905 1243 1027 1299 scribam
1050 1250 1080 1299 et
1102 1244 1240 1300 iambicos
1263 1251 1396 1315 statuam,

275 1347 346 1400 quos
363 1329 440 1384 idem
458 1330 630 1400 Pickeliusl)
648 1330 727 1384 haud
745 1331 852 1385 reiecit.
873 1362 906 1371 -
1303 1321 1306 1328 ¹

292 1491 294 1498 y
364 1418 581 1474 Dubitationem
601 1436 740 1474 summam
759 1427 868 1475 movet:

364 1509 470 1578 Suppl.
490 1509 558 1565 8543
578 1502 699 1580 ἄραχνος
711 1501 751 1573 ὥς
767 1503 865 1579 βάδην,
884 1525 957 1581 quae
970 1508 1058 1566 verba
1076 1510 1151 1564 inter
1170 1507 1396 1583 corruptissimos

274 1615 372 1652 versus
385 1603 507 1652 exstant.
538 1590 722 1667 Respondete
736 1596 869 1652 videntur
879 1597 914 1653 V.
928 1598 996 1654 81333
1017 1590 1113 1668 ἔχιδνα
1131 1592 1156 1653 δ’
1168 1618 1207 1664 ως
1224 1598 1260 1667 με’
1278 1618 1327 1667 τις,
1346 1599 1397 1666 ubi

275 1685 407 1740 ultimum
426 1684 546 1741 verbum
564 1683 715 1739 Turnebus
733 1685 853 1741 addidit.

688 1791 720 1846 3.
739 1773 981 1845 3333330333.

332 1889 333 1894 ’
365 1879 416 1936 Gla.
436 1881 504 1936 1523
525 1873 608 1933 ὄτοτο
627 1895 726 1946 sorore
745 1885 828 1933 τοτοῖ.
867 1878 986 1933 Τ3531135
1004 1879 1166 1936 interiectio
1186 1887 1287 1936 contra
1300 1882 1396 1937 Weilii

275 1962 358 2023 ὀτοτο
377 1985 443 2023 roso
462 1974 542 2023 τοτοῖ
557 1967 725 2037 (3155133135)
744 1967 862 2022 defendi
880 1968 994 2038 poterit.
1016 1998 1048 2008 -
1067 1969 1177 2024 Eodem
1195 1969 1280 2024 modo

364 2058 448 2112 Eum.
468 2057 535 2112 1583
559 2049 616 2110 ὑπὸ
635 2054 751 2127 φρένας,
774 2048 832 2134 tat
849 2053 937 2126 λίβον
954 2056 1079 2132 tripodis
1098 2057 1272 2113 dochmiacis
1289 2057 1397 2114 inserta

276 2151 331 2214 553,
356 2162 440 2215 quem
465 2161 576 2199 versum
601 2143 836 2214 Bambergerus⁶)
860 2150 990 2200 constare
1014 2162 1029 2200 5
1048 2144 1191 2216 disyllaba
1214 2149 1345 2203 anacrusi
1368 2152 1397 2201 et

275 2232 407 2287 dochmio
431 2239 528 2288 censet
550 2233 635 2288 nixus
658 2233 688 2286 in
707 2232 867 2287 Hermanni
893 2234 1048 2302 5533533315,
1073 2235 1121 2305 qui
1129 2236 1148 2306 7)
1171 2234 1254 2290 dicit:
1278 2235 1397 2304 „harum

275 2323 452 2392 (formarum)
471 2323 563 2393 prima
576 2327 628 2390 553,
648 2313 721 2392 quae
736 2322 766 2375 in
779 2322 920 2392 principio
934 2311 1084 2376 anacruain
1098 2322 1269 2392 disyllabam
1282 2323 1395 2379 habet.“

275 2410 332 2466 Sed
355 2411 379 2466 si
403 2411 536 2466 metimur
559 2435 608 2463 υυ
625 2411 628 2480 Ι
643 2433 811 2463 ceuceu
833 2427 887 2480 ego
911 2409 1027 2480 quidem
1048 2416 1114 2482 post
1137 2412 1288 2466 535533513
1312 2411 1398 2467 doch·

276 2502 364 2556 mium
383 2517 440 2554 non
459 2500 556 2569 video,
580 2516 644 2554 cum
663 2516 721 2554 una
738 2499 852 2569 syllaba
869 2500 955 2570 plane
974 2499 1061 2566 desit,
1085 2505 1234 2570 praeterea
1252 2501 1342 2572 magis
1361 2500 1398 2556 ad

276 2590 364 2644 totius
383 2589 518 2659 strophae
531 2594 664 2644 naturam
683 2589 809 2660 tripodis
828 2588 952 2643 iambica
970 2588 1101 2660 quadrat,
1121 2605 1186 2643 cum
1198 2590 1343 2644 canticum
1362 2607 1398 2644 ex

276 2677 416 2732 dochmiis
433 2682 553 2745 constet,
573 2677 677 2748 quibus
690 2679 754 2733 5515
770 2677 893 2732 iambica
912 2678 1043 2732 immixta
1061 2683 1135 2732 5333.
1157 2708 1190 2716 -
1209 2677 1398 2748 Repudianda

276 2768 364 2822 etiam
387 2765 533 2834 videntur,
561 2782 635 2836 quae
659 2765 732 2820 Otfr.
757 2765 914 2843 Muellerus
936 2767 1069 2836 protulit:
1098 2783 1149 2836 per
1176 2767 1398 2837 paracatalogen

277 2857 348 2927 haec
371 2855 450 2910 dicta
472 2872 532 2910 esse
555 2871 649 2926 neque
673 2861 780 2909 certam
799 2855 919 2925 formam
943 2855 1031 2908 statui
1050 2855 1163 2924 possc.⁸)
1200 2853 1307 2908 Contra
1325 2855 1398 2910 Η53-

277 2961 398 3000 mannus
417 2945 536 3012 rectius,
559 2960 645 3015 quam
664 2944 694 2997 in
713 2943 862 2998 elementis
880 2943 1070 3021 iudicaverat,
1089 2944 1119 2996 in
1139 2942 1283 3013 opusculis
1302 2945 1353 3011 VI,
1372 2945 1398 3011 2,

277 3051 342 3105 pag.
365 3035 415 3088 143
434 3033 516 3088 dicit:
537 3050 584 3102 „es
604 3032 710 3087 bedarf
723 3051 778 3088 nur
796 3049 870 3103 ganz
889 3033 1195 3104 gemeinerKenntnis
1214 3032 1265 3088 der
1283 3033 1398 3102 Μ533113,

277 3141 326 3191 um
345 3122 391 3177 die
409 3139 482 3194 ganz
501 3121 711 3192 unzweideutig
731 3121 920 3195 daliegendcn
939 3120 1063 3178 Jamben
1082 3139 1118 3175 zu
1136 3122 1306 3176 erkennen.“

299 3276 303 3282 Ι
366 3234 402 3264 ω
417 3212 490 3268 11153
510 3213 573 3288 περὶ
591 3207 674 3276 πόδα,
693 3212 757 3284 περὶ
775 3208 856 3283 κάρα.

367 3302 450 3372 Sept.
470 3303 522 3357 ’1115
540 3323 576 3353 ω
595 3301 660 3358 172.

657 3407 687 3462 (i.
707 3407 813 3462 iambi
831 3408 1025 3478 syncopati.

367 3499 453 3553 Peru.
473 3499 541 3553 11333
560 3492 689 3568 βάρβαρα
708 3501 828 3566 σαφηνῆτ
848 3543 865 3551 -
878 3509 926 3550 cu
937 3517 956 3550 υ
967 3492 1002 3552 μ’.
1012 3537 1038 3552 -.
1076 3496 1148 3552 Oum
1167 3498 1202 3553 V.
1222 3498 1275 3552 tlt
1293 3496 1399 3567 legere·

278 3592 337 3641 tur:
367 3586 485 3652 δαίμονα
507 3588 669 3655 μεγαλαυχῆ
691 3587 745 3641 viri
773 3586 851 3641 docti
880 3587 976 3642 conati
1003 3592 1083 3652 sunt,
1111 3601 1208 3640 versus
1226 3601 1400 3655 exaequare,

370 3711 396 3780 1)
415 3710 433 3765 1.
453 3711 471 3764 1.
495 3727 560 3781 pag.
580 3711 622 3764 25.
648 3741 681 3749 -
711 3712 854 3781 2),53)355.
878 3727 942 3780 pag.
965 3711 1024 3763 111.
1049 3741 1083 3748 —
1112 3709 1138 3778 3)
1157 3709 1302 3764 invenitur
1325 3708 1400 3764 enim

279 3791 366 3846 semel
390 3795 502 3844 tantum
522 3791 552 3844 in
572 3791 684 3845 cantico
705 3790 792 3861 (Sept.
814 3791 890 3859 704),
914 3796 945 3844 53
967 3796 1012 3844 353
1036 3789 1130 3844 decies
1153 3789 1183 3843 in
1203 3788 1345 3846 diverbiis.
1366 3820 1400 3828 —

280 3872 306 3939 4)
319 3869 464 3925 1115315313.
477 3887 543 3942 pag.
558 3870 618 3924 288.
633 3901 667 3910 -
686 3873 714 3939 5)
733 3869 798 3924 dias.
812 3867 964 3940 Argentor.
978 3869 1033 3936 ΙΙΙ,
1045 3885 1110 3939 pag.
1127 3870 1185 3924 195.
1206 3899 1239 3908 -
1259 3871 1286 3938 6)
1305 3885 1399 3939 opusc.

279 3967 344 4021 pag.
364 3950 433 4019 21,1.
457 3984 492 3991 -
521 3952 548 4018 1)
573 3950 655 4004 elem.
679 3967 744 4021 pag.
769 3951 821 4004 253
854 3983 889 3990 -
922 3950 949 4019 s)
968 3950 1005 4004 cf.
1030 3948 1098 4004 edit.
1122 3965 1188 4019 pag.
1212 3948 1258 4003 85:
1283 3947 1401 4026 ¹„liures

280 4028 388 4096 Silben,
402 4028 463 4095 die,
482 4031 512 4083 in
531 4028 688 4085 iambische
708 4029 734 4084 u.
754 4028 938 4085 dochmische
957 4028 1123 4098 Rhythmen
1145 4025 1354 4098 eingeschoben
1373 4043 1399 4082 3.

279 4107 403 4163 beinahe
417 4109 468 4162 wie
481 4109 571 4163 Prosa
590 4104 801 4178 (καταλογάδην)
819 4109 849 4163 13
864 4100 961 4163 ¹einem
981 4107 1220 4176 gleichmassigen
1238 4104 1401 4161 schwaben-

280 4187 336 4241 den
360 4187 438 4241 Tone
462 4195 665 4263 vorgetragen,
693 4187 744 4242 das
767 4187 918 4242 scheinbar
941 4186 1093 4258 Regellosc
1114 4186 1198 4256 jener
1220 4185 1314 4240 Messe
1338 4186 1400 4240 aufs

280 4261 399 4322 hdchste
418 4268 569 4338 steigern.“
662 4273 663 4276 ’
882 4267 884 4272 ’
1204 4265 1206 4269 ’
