3176 5060
700 291 921 350 ...50..

251 481 308 520 non
326 463 449 518 dimetro
468 461 591 518 iambico
610 462 684 516 viam
704 461 884 533 patefaciam,
904 461 980 533 qnod
999 468 1061 517 tum
1080 462 1131 528 vis,
1150 477 1223 533 quae
1242 463 1271 516 iu
1285 461 1374 516 verbo

250 549 383 620 ἐφυμνεῖν
400 551 484 617 inest,
503 567 554 622 per
572 546 640 618 τανὴ
658 545 856 620 (ipsa-vim)
875 553 1097 622 exaggeratur.¹)

285 757 321 826 D)
340 773 474 822 versus,
493 754 620 826 quibus
639 754 703 809 alii
721 755 828 826 pedes
847 755 1020 826 simulque
1039 751 1118 810 tovr'
1139 765 1336 810 occurrunt.

645 862 672 930 a)
692 859 834 932 spondeus
853 868 883 916 et
901 857 976 932 τσνὴ.

338 960 425 1017 Pers.
443 961 512 1017 28⁰2
532 953 570 1025 ὥς
589 955 709 1032 Πέρσαις
727 956 817 1013 πάντα
836 955 1004 1029 παγκάκως.·
1022 977 1040 1012 ῡ
1052 993 1087 1014 ι.
1100 993 1135 1013 ι.
1148 1005 1165 1013 -
1177 987 1293 1015 .....
1324 961 1373 1018 Se-

250 1051 375 1105 cundnm
394 1065 436 1116 ea,
456 1065 529 1121 quae
548 1049 584 1103 ad
604 1065 649 1106 vv.
667 1048 870 1104 antecedentes
890 1049 936 1120 (cf.
956 1065 1039 1120 pagg.
1058 1049 1091 1106 31
1111 1055 1141 1106 et
1159 1051 1205 1119 41)
1224 1053 1373 1110 annotavi-

250 1158 324 1206 mus,
348 1140 396 1194 hic
420 1145 612 1210 opportunum
630 1138 757 1208 videtur,
780 1155 846 1194 cum
864 1137 1006 1194 Teuffelio
1024 1139 1161 1194 scribere:
1186 1133 1226 1206 ιδς
1244 1138 1373 1213 Πέρσαις,

250 1243 314 1284 com
333 1227 387 1282 hac
406 1229 517 1283 ratione
535 1223 603 1295 τονὴ
621 1228 650 1282 in
669 1225 757 1282 verbo
776 1225 898 1298 Πέρσαις
916 1233 1057 1296 versetur,
1081 1228 1158 1300 quod
1177 1233 1255 1284 certe
1278 1229 1373 1284 efferri

250 1318 363 1384 debuit;
384 1317 458 1384 ⁴haec
477 1317 554 1372 enim
572 1332 682 1371 summa
700 1323 751 1384 est,
771 1315 848 1386 quod
867 1315 896 1372 di
920 1317 990 1388 ipsis
1008 1317 1124 1371 Persis
1147 1317 1218 1372 talia
1236 1318 1313 1372 mula
1330 1318 1373 1372 in-

249 1406 386 1464 tulerunt.
427 1405 537 1460 Eodem
559 1404 644 1459 modo
667 1422 713 1460 res
735 1422 765 1460 se
789 1403 878 1460 habet
903 1423 928 1461 v.
952 1406 1021 1462 aasz
1040 1395 1079 1468 cic
1102 1399 1207 1470 πολλὰς
1229 1405 1396 1478 Περσίδων-

248 1490 347 1564 adrev,
367 1494 417 1549 ubi
434 1494 538 1548 iterum
551 1488 620 1560 τονὴ
632 1492 710 1547 haud
722 1493 818 1547 aliena
831 1499 886 1548 est:
908 1510 1010 1563 „quam
1029 1493 1156 1548 multas
1168 1494 1373 1562 Persarum.“⁸)

633 1663 663 1733 b)
681 1661 843 1732 tribrachys
862 1669 892 1718 ct
910 1657 987 1730 torri.

258 1754 261 1762 Ι
337 1773 426 1830 Part.
444 1771 530 1829 10282
549 1763 660 1842 ἄπριγδ’
678 1757 799 1842 ἄπριγδα
817 1765 892 1837 μάλα
907 1764 1011 1839 γοεδνά
1028 1792 1065 1822 ω
1082 1771 1168 1826 1⁰34:
1187 1770 1276 1826 idem:
1295 1797 1313 1822 υ
1325 1815 1344 1824 -
1356 1797 1374 1823 υ

248 1887 293 1914 ,υ
302 1872 374 1914 coo
383 1893 418 1913 ι-
427 1875 454 1912 ιι.
473 1859 684 1914 Wilamowitaii
695 1857 881 1928 doctrinam‘)
894 1857 1017 1930 probare
1026 1875 1085 1914 non
1097 1875 1220 1930 possum,
1233 1860 1282 1930 qui
1294 1859 1374 1930 loges

249 1951 381 2006 metricas
399 1949 466 2003 huic
486 1948 677 2020 pentapodiae
696 1948 810 2004 obstare
829 1947 930 2016 eredit,
949 1953 978 2002 et
996 1948 1121 2019 primum
1139 1937 1262 2020 ἄπριγδα
1280 1947 1373 2004 Xerxi

249 2038 308 2104 dat,
327 2044 423 2093 cetera
441 2037 528 2092 choro
547 2035 680 2091 attribuit
693 2043 819 2092 vertens:
842 2035 945 2108 ,perde
964 2053 1051 2092 canos
1070 2036 1177 2092 barbae
1195 2042 1273 2103 tuae,
1291 2053 1374 2108 carp·

249 2127 330 2181 timl“
351 2157 384 2166 -
407 2126 543 2196 ,carptim
558 2125 682 2196 quidem,
700 2142 768 2180 sane
781 2115 941 2182 flebiliter.“
980 2125 1043 2195 Ego
1056 2125 1261 2196 pentapodiam
1274 2124 1375 2181 defeu-

249 2215 324 2282 dam,
343 2233 409 2270 nam
428 2215 491 2287 ipsa
508 2232 545 2269 ex
562 2215 734 2285 repetitione
747 2213 828 2270 verbi
840 2203 988 2286 tiupcyda‘)
1006 2231 1060 2269 nec
1078 2231 1137 2270 non
1156 2232 1192 2270 ex
1210 2214 1374 2270 tribracho:

249 2290 267 2360 i
285 2301 373 2374 μάλᾶ,
397 2304 449 2360 ubi
467 2303 604 2374 frigidum
623 2321 640 2356 α
659 2305 766 2374 optime
790 2310 886 2374 partes
908 2320 973 2358 suas
992 2305 1066 2374 agit,
1090 2311 1234 2374 postremo
1253 2321 1290 2358 ex
1308 2319 1375 2374 syn-

250 2411 322 2465 cope
341 2393 394 2448 sub
413 2393 499 2448 finem
518 2410 616 2448 versus
634 2376 759 2464 (γδέδνα)
783 2398 886 2464 poetae
909 2393 1057 2464 ingenium
1080 2394 1279 2465 perspicimus,
1307 2409 1376 2446 nam

250 2484 315 2552 ,,δν“
336 2483 462 2554 longius,
486 2498 572 2552 quam
590 2481 652 2536 fieri
671 2481 752 2550 solet,
776 2480 958 2552 productum,
977 2481 1123 2536 n'otionem
1142 2481 1202 2536 irae
1221 2497 1254 2536 ac
1273 2480 1374 2553 despe-

248 2572 366 2627 rationis
389 2572 419 2625 in
443 2570 605 2625 auditorum
629 2571 731 2626 animis
754 2572 875 2636 excitat,
900 2577 933 2624 ut
957 2571 1011 2640 Ag.
1031 2571 1096 2624 205:
1126 2564 1187 2624 ἐπεὶ
1206 2563 1231 2624 δ
1250 2564 1375 2639 ἀνάγκας

248 2655 296 2714 ἔδυ
314 2658 472 2725 λέπαδνον,
495 2660 546 2715 ubi
568 2677 619 2731 per
638 2655 723 2727 τσνήν
740 2659 915 2728 ostenditur,
940 2659 1156 2729 Agamemnona
1179 2660 1305 2730 graviter
1328 2666 1374 2712 tu·

248 2770 284 2800 ω
301 2744 461 2821 πατρῴ-ους
479 2749 553 2814 lisso,
572 2748 649 2819 quod
668 2749 767 2819 iugum
786 2748 973 2803 Necessitatis
992 2749 1121 2818 accipere
1141 2752 1257 2802 coactus
1275 2753 1326 2802 est.

337 2843 393 2906 ag.
413 2840 481 2894 aeia
504 2836 625 2908 βέβακεν
646 2837 736 2908 ῥίμφα
760 2831 805 2891 διὰ
830 2840 938 2898 avida:
954 2863 973 2890 υ
985 2869 1020 2891 ..-
1033 2871 1068 2889 ι-
1081 2881 1098 2890 -
1110 2864 1129 2891 υ
1140 2850 1188 2890 δυ
1198 2863 1218 2892 υ
1229 2880 1247 2890 -
1265 2838 1374 2892 Versus

248 2927 331 2995 nobis
349 2926 495 2999 praeclare
515 2927 651 2997 effugium
670 2926 801 2982 Helenae
819 2925 954 2995 illustrat,
973 2943 1039 2980 nam
1058 2931 1153 2991 τοναῖς
1170 2926 1253 2980 initio
1272 2926 1374 2998 positis

249 3017 391 3072 Helenam
417 3016 521 3071 leniter
543 3016 723 3087 gradientem
746 3016 840 3070 animo
865 3015 1006 3085 videmus,
1034 3015 1129 3070 subito
1153 3021 1249 3070 autem
1273 3011 1375 3086 (ῥίμφα

248 3099 294 3160 διὰ
309 3097 426 3174 ,cccl
450 3121 511 3159 eam
536 3121 573 3159 ex
596 3104 687 3158 oculis
710 3105 895 3176 effugientem
919 3109 948 3159 et
972 3104 1054 3175 quasi
1077 3121 1159 3159 avem
1182 3103 1373 3159 devolantenr.

249 3193 336 3249 Haud
355 3193 439 3248 aliter
457 3193 488 3247 in
507 3193 688 3263 antistropha
706 3193 838 3248 celeritas
856 3193 959 3249 somnii
978 3192 1052 3247 bene
1070 3209 1205 3264 expressa
1223 3197 1279 3248 est:
1303 3193 1373 3248 4⁰7:

248 3281 445 3354 παραλλάξασα
463 3277 509 3336 διὰ
527 3285 627 3354 χερῶν.
670 3281 751 3347 Quae
774 3283 919 3337 sententia
943 3281 1094 3352 Aeschyli,
1118 3299 1191 3352 quae
1215 3288 1293 3336 certe
1317 3279 1374 3334 fuit

248 3389 341 3443 neque
365 3389 383 3426 a
401 3390 446 3427 me
474 3372 593 3426 inventa
620 3377 676 3438 est,
704 3389 755 3444 per
777 3371 1017 3441 Wilamowitziil)
1045 3371 1259 3427 distinctionem
1286 3371 1374 3442 plane

247 3461 368 3530 tollitur,
388 3477 453 3514 cum
466 3478 577 3515 versum
591 3460 685 3515 verbis
697 3459 817 3531 βέβακεν
830 3454 897 3531 ὄψις
910 3456 945 3516 οδ
960 3460 1107 3516 onerabat.
1138 3459 1239 3530 Neque
1252 3457 1374 3517 Wcilius

248 3551 303 3604 hac
322 3550 407 3621 culpa
426 3548 536 3604 absolvi
555 3555 659 3620 potest,
679 3551 728 3621 qui
746 3569 772 3605 v.
793 3553 858 3606 391:
882 3544 1017 3606 cirta-et
1036 3569 1062 3604 v.
1082 3549 1146 3604 407:
1169 3547 1373 3620 aspa-addidit,

248 3656 341 3709 neque
361 3639 560 3707 Hermannus,
581 3639 631 3708 qui
654 3638 805 3693 scribendo
828 3637 932 3710 βέβακε
955 3641 1014 3696 κτλ.
1032 3661 1068 3690 ω
1089 3640 1291 3710 παραλλαγαῖσι
1314 3642 1373 3691 κτλ.

339 3801 365 3868 1)
384 3798 419 3852 cf.
439 3799 494 3869 Ag.
515 3799 596 3853 1430:
617 3789 705 3865 ῧμνσν
721 3791 829 3865 δμ-νεῐν
848 3794 995 3868 ἐπεύχεται
1001 3817 1011 3862 ,·
1030 3798 1094 3868 (hoe
1113 3803 1236 3851 metrum
1254 3796 1374 3866 stropha

247 3887 429 3972 praescribit:
449 3880 521 3957 πρὸς
532 3880 664 3955 γυναικὸς
676 3879 700 3940 δ’
713 3881 871 3955 ἀπέφθισεν
883 3887 954 3956 βίον.
966 3929 984 3940 .
992 3911 1011 3939 c
1023 3917 1057 3938 ι-
1068 3929 1086 3938 -
1098 3911 1117 3938 υ
1125 3927 1143 3938 .
1152 3910 1171 3938 υ
1179 3929 1197 3938 -
1206 3910 1225 3942 μ
1237 3927 1261 3940 -.
1283 3885 1372 3955 Soph.

247 3978 316 4032 Ant
335 3975 401 4029 815:
422 3965 509 4041 iuver
527 3962 660 4044 ῧμ-νησεν
676 3978 735 4030 κτλ.
755 4003 789 4016 ··-
809 3977 836 4045 2)
855 3974 976 4046 Saepius
995 3975 1071 4030 enim
1090 3975 1121 4028 in
1139 3973 1243 4042 verbis,
1261 3975 1291 4027 in
1311 3974 1374 4046 qui-

248 4057 301 4112 bus
323 4056 403 4110 notio
421 4054 615 4110 multitudinis
638 4056 726 4124 inest,
749 4051 817 4122 τσνή
836 4055 1003 4120 adhibetur;
1028 4055 1065 4110 cf.
1084 4053 1253 4122 Christium,
1281 4051 1373 4119 ,Abh

248 4136 275 4190 d.
294 4135 374 4204 bayr.
393 4134 503 4189 Akad.“
526 4135 603 4204 1869,
622 4151 687 4206 pag.
707 4137 773 4201 453;
793 4136 829 4192 cf.
849 4141 937 4206 caput
955 4135 991 4189 V.
1010 4167 1046 4174 —
1070 4135 1096 4202 3)
1114 4133 1133 4187 l.
1152 4133 1171 4187 l.
1190 4151 1255 4205 pag.
1275 4134 1318 4187 δέ.
1338 4163 1374 4172 -

248 4218 275 4284 4)
293 4214 329 4272 de
348 4215 519 4286 repetitione
533 4214 613 4268 verbi
632 4215 780 4269 cuimdam
793 4215 828 4269 de
841 4215 983 4269 industria
995 4220 1111 4285 aposta
1123 4213 1202 4268 iacta
1214 4212 1373 4270 cfiWackl.

250 4294 385 4366 „Studien
404 4313 427 4349 z.
446 4295 598 4364 Aeschyl.“
618 4311 684 4366 pag.
704 4295 747 4349 50.
768 4326 801 4334 —
821 4297 848 4365 b)
867 4294 886 4350 l.
905 4295 924 4348 l.
943 4311 1008 4364 pag.
1029 4294 1083 4364 718.
