3176 5060
687 331 930 392 .-a-

356 500 497 572 Imprimis
509 487 703 554 'variationem
727 499 926 570 rhythmorum
946 500 1140 571 observemus,
1164 519 1236 573 quae
1259 509 1327 576 tam*
1339 520 1387 574 op·

268 595 391 662 portuno
413 594 469 657 est,
496 593 530 642 ut
553 587 672 659 „plenus
694 587 744 642 ille
768 588 914 658 dimeter“,
939 607 1023 660 quem
1046 590 1212 646 Dindoriius
1236 590 1387 658 desiderat,

269 684 367 734 contra
389 683 491 749 poetae
516 677 687 732 sententiam
708 677 802 732 facere
821 678 961 734 videatur.
998 679 1088 734 Plane
1108 686 1204 735 autem
1227 681 1388 751 respuenda

267 773 309 822 eat
320 766 394 821 ratio
408 783 515 832 eorum,
535 766 584 836 qui
602 765 728 835 syllabas
747 760 782 820 015
795 772 825 821 et
842 761 913 836 ράνί
932 767 1114 823 divellerunt.
1152 769 1293 840 Dactylus
1312 770 1387 824 enim

265 857 356 927 primo
374 855 448 926 pede
467 857 529 910 sine
547 854 637 909 dubio
655 855 811 910 servandus
830 862 886 925 est,
910 858 1016 928 quippe
1035 875 1092 928 quo
1112 857 1205 927 dolor,
1230 859 1279 928 qui
1297 876 1386 929 usque

265 943 301 999 ad
320 944 434 999 caelum
451 944 591 1015 pertinet,
615 945 805 1014 exprimatur,
829 961 897 998 nam
916 945 1048 1016 dactylus
1066 952 1185 1014 motum,
1209 947 1258 1017 qui
1276 964 1387 1002 sursum

264 1032 306 1100 fit,
325 1032 481 1104 significat,
505 1033 554 1103 qui
573 1049 623 1103 per
641 1039 754 1103 gestum
772 1033 893 1088 fortasse
911 1034 1121 1104 spectatoribus
1140 1036 1300 1090 accuratius
1320 1043 1386 1091 ante

265 1121 362 1176 oculos
381 1121 591 1176 demonstratus
610 1127 661 1176 est.

358 1311 411 1377 ΙΙ.
439 1311 627 1378 Iliiambus
651 1281 884 1394 coniungitur
907 1330 989 1378 cum
1012 1313 1095 1378 aliis
1119 1314 1293 1380 versibus.

634 1465 673 1517 A.
698 1477 776 1517 cum
799 1462 1016 1522 dochmiaols.

615 1577 641 1644 a)
664 1576 843 1631 dochmius
866 1579 1035 1648 sequitur.

354 1666 439 1721 1111111.
462 1665 529 1722 1723
561 1669 737 1735 παλαιγενεῖς
753 1669 757 1734 Ι
774 1664 805 1720 δὲ
831 1667 942 1738 Μοίρας
968 1668 1083 1736 φθίσας,
1113 1683 1198 1737 quam
1226 1684 1386 1723 mensuram

268 1769 333 1806 cnm
356 1753 531 1824 Dindorfio¹)
560 1760 589 1808 et
612 1752 816 1824 Rossbachio²j
840 1756 991 1826 accipiam,
1019 1772 1077 1809 non
1101 1771 1165 1810 cum
1189 1755 1217 1810 S.
1242 1755 1385 1826 nesteros)

269 1839 426 1896 dochmlum
444 1848 645 1913 syncopatum,
670 1843 749 1898 cuius
767 1843 858 1898 forma
875 1869 894 1896 υ
906 1872 940 1888 ...
952 1868 971 1895 υ
983 1886 1009 1912 -,
1028 1843 1104 1913 quod
1124 1843 1239 1914 quidem
1257 1843 1385 1908 viderim,

267 1931 372 1984 usitata
386 1948 443 1985 uon
456 1932 519 1987 fuit.
550 1931 700 2002 Exempla,
719 1948 792 2002 quae
805 1938 972 2003 sequuntur,
991 1932 1068 1986 hunc
1081 1931 1238 1986 diiambum
1250 1933 1285 2002 -l-
1298 1932 1385 1987 doch·

265 2019 353 2072 mium
371 2019 544 2090 probabunt,
563 2021 729 2091 praesertim
748 2037 813 2075 oum
831 2021 947 2075 iambici
965 2020 1140 2075 dochmiacis
1159 2020 1283 2091 quodam
1302 2021 1385 2076 modo

265 2109 370 2164 similes
388 2110 447 2164 sint
465 2127 569 2180 eosque
584 2111 689 2181 partim
707 2110 835 2180 diiambi,
854 2110 960 2182 partim
978 2107 1129 2182 tripediae,
1148 2111 1253 2182 partim
1272 2111 1385 2166 dimetri

265 2197 468 2268 praecedant.⁴)
487 2219 523 2250 ω
542 2201 609 2255 1763
634 2195 762 2270 μιάστορ’
781 2192 807 2253 εί
822 2202 826 2269 Ι
843 2217 895 2265 σιν,
920 2189 954 2254 οὗ
976 2196 1094 2253 πάσεται
1117 2201 1166 2270 (sio
1190 2199 1386 2255 Kirchhoffius

264 2302 316 2356 pro
334 2286 457 2343 Medicei
476 2282 602 2356 ἐκείνου).

354 2378 408 2444 Ag.
428 2375 513 2433 16543
538 2369 572 2429 lai
589 2366 678 2430 πόποι
694 2379 698 2446 Ι
714 2377 742 2430 τί
758 2393 827 2431 ποτε
849 2373 974 2444 μήδεται.
1011 2377 1068 2431 Hic
1092 2394 1205 2447 quoque
1228 2376 1385 2430 diiambum

267 2469 333 2519 ante
352 2464 515 2519 dochmium
534 2471 625 2535 tuear,
644 2466 698 2520 etsi
710 2466 907 2538 Blomfieldius
919 2465 1067 2536 duplicato
1087 2462 1121 2518 ίώ
1133 2465 1286 2520 dimetrum
1298 2465 1386 2520 doch-

265 2553 389 2608 miacum
407 2554 542 2610 inducere
561 2555 680 2609 studuit.
717 2555 851 2610 Ceterum
869 2554 1027 2609 diiambum
1046 2555 1133 2609 etiam
1152 2554 1324 2626 Seidlerusl)
1343 2573 1387 2611 re·

266 2643 362 2708 tinuit,
381 2643 431 2713 qui
449 2644 513 2698 aliis
531 2645 601 2699 locis
620 2645 784 2716 saepissime
803 2644 839 2698 ad
858 2643 1004 2699 dochmios
1024 2644 1190 2699 statuendos
1208 2662 1315 2715 pronus
1334 2652 1385 2700 est.

266 2752 301 2783 ω
313 2733 398 2788 16613
418 2727 452 2786 lo)
470 2729 550 2786 τάλαι
566 2734 570 2803 Ι
586 2753 629 2799 να,
648 2730 713 2788 τόδε
730 2729 784 2805 γὰρ
802 2737 896 2798 τελεῖς.

355 2825 408 2889 Ag.
433 2823 517 2878 10713
549 2819 647 2890 φόνου.
676 2818 771 2886 στάσις
786 2824 790 2891 Ι
807 2816 968 2893 δ’ἅκὸρετσς
1000 2820 1074 2891 γένει
1101 2843 1136 2873 ω
1164 2823 1249 2878 16813
1280 2819 1386 2879 τύπτει.

266 2909 354 2963 πίτνει
371 2911 375 2979 Ι
392 2905 448 2964 δ’ἐν
471 2909 592 2980 (addidit
611 2910 791 2980 Schuetzius)
815 2906 922 2983 ἐνύδρῳ
945 2906 1045 2980 τεύχει.
1082 2909 1262 2965 Hermanuus
1286 2913 1387 2980 „metri

266 2998 372 3053 indicio
391 2998 541 3054 inductus“
560 3000 660 3054 scribit
679 3003 772 3065 6ενεῐ;
795 2999 845 3054 sed
863 3016 978 3054 causam
997 2998 1103 3054 frustra
1123 3000 1297 3070 quaerimus,
1322 3016 1387 3054 oum

267 3094 401 3143 accurata
419 3089 564 3159 responsio
583 3091 613 3143 in
631 3089 684 3144 tali
703 3090 827 3144 carmine
846 3089 1006 3143 necessaria
1024 3105 1081 3142 non
1101 3088 1146 3142 sit.

355 3178 460 3248 suppl.
483 3179 554 3235 6643
582 3179 771 3248 παλαίχθσνσς
787 3181 791 3248 Ι
807 3177 901 3243 τέκος,
924 3180 1008 3232 κλῦθί
1029 3195 1092 3244 μου.
1134 3177 1288 3247 Exempla,
1314 3194 1386 3247 quae

266 3265 350 3321 modo
360 3267 509 3322 attulimus
522 3274 609 3338 atque
623 3269 781 3337 afferemus,
795 3267 952 3322 sententias
962 3267 999 3319 H.
1010 3264 1198 3334 Schmidtiil),
1208 3264 1387 3335 Dindorfii‘l,

266 3355 402 3425 Reiteri⁸)
420 3355 555 3410 refutant.
575 3378 611 3408 ω
629 3358 684 3412 645
702 3351 791 3410 ίδοιτσ
810 3351 869 3422 δῆτ’
888 3344 991 3408 ἄνατον
1010 3349 1110 3422 φυγάν.

354 3444 463 3514 Suppl.
480 3447 534 3500 655
552 3466 588 3496 ω
606 3445 674 3500 366.
711 3445 816 3514 Suppl.
836 3445 889 3499 764
907 3465 943 3495 ω
962 3444 1025 3498 711.

355 3531 436 3598 Quae
460 3533 592 3604 exempla
614 3533 710 3587 omnia
731 3531 939 3587 Rossbachium
962 3532 1094 3602 effugisse
1113 3530 1261 3600 videntur,
1285 3532 1335 3601 qui
1358 3531 1388 3585 in

357 3675 383 3746 1)
401 3676 432 3729 in
450 3675 548 3729 metris
563 3674 640 3743 1842,
659 3691 725 3745 pag.
744 3675 786 3729 53.
807 3705 840 3714 —
860 3675 889 3744 7)
907 3674 991 3728 Metr.
1011 3689 1077 3744 pag.
1096 3671 1156 3727 775.
1177 3702 1210 3713 -
1230 3673 1257 3741 3)
1277 3671 1313 3727 de
1332 3673 1388 3742 syl-

267 3755 324 3809 lab.
347 3757 378 3810 in
400 3756 506 3811 trisem.
530 3755 631 3825 longit.
655 3754 787 3825 produnt.
811 3771 864 3808 usu
888 3752 990 3808 Aesch.
1015 3758 1044 3807 et
1067 3752 1154 3823 Soph.
1178 3768 1244 3822 pag.
1270 3752 1329 3806 182.
1354 3783 1388 3792 —-

266 3837 292 3904 4)
311 3834 347 3890 de
366 3851 472 3905 quare
491 3833 622 3889 conferas
637 3833 793 3889 Christium
810 3834 894 3888 Metr.
914 3850 978 3904 pag.
992 3832 1054 3898 446,
1073 3831 1242 3896 Seidlerum,
1262 3831 1298 3885 de
1316 3847 1388 3888 vers.

266 3913 378 3969 docbrn.
397 3931 462 3985 pag.
484 3914 542 3969 117.
580 3913 715 3968 (laterum
733 3914 864 3968 similiter
877 3912 964 3983 Soph.
977 3911 1084 3966 Electr.
1100 3911 1169 3965 1256
1189 3907 1272 3973 ὁπᾶς
1290 3905 1355 3977 ἐμοί
1370 3913 1374 3978 Ι

267 3988 355 4058 ὀνιᾶς
373 3984 409 4047 ἂν
426 3993 536 4062 πρέποι.
556 4025 590 4034 -
610 3996 636 4064 5)
655 3994 674 4050 l.
694 3993 712 4047 l.
731 4009 797 4064 pag.
819 3993 879 4048 117.
898 4023 933 4032 -
955 3993 982 4060 6)
1001 3991 1100 4061 quiin
1118 3989 1342 4060 „Kunstformen
1360 3989 1387 4044 d.

266 4074 373 4144 grieoh.
392 4074 511 4130 Poesic“
530 4074 554 4142 Ι,
572 4091 638 4145 pag.
652 4075 705 4129 285
724 4073 827 4127 mirum
845 4074 875 4127 in
894 4071 1009 4127 modum
1028 4087 1140 4142 pacona
1158 4070 1290 4124 anacrusi
1307 4085 1389 4140 prae-

266 4161 358 4216 ditum
377 4164 501 4235 accepit:
522 4149 553 4218 υἱ
566 4208 584 4218 -
596 4188 614 4215 υ
626 4194 651 4217 -.
676 4193 710 4202 -
736 4163 762 4232 7)
782 4162 832 4232 qui
854 4162 884 4216 in
903 4161 987 4216 Metr.
1006 4176 1072 4230 pag.
1092 4160 1126 4214 65
1146 4158 1220 4212 solos
1242 4157 1389 4213 dochmios

266 4241 377 4297 statuit.
406 4273 439 4282 -
468 4244 494 4313 8)
514 4242 564 4314 qui
586 4243 634 4297 hic
659 4248 688 4298 st
711 4241 819 4312 ubique
843 4240 878 4296 de
901 4239 1033 4295 dochmio
1056 4244 1215 4309 syncopato
1238 4238 1387 4308 cogitavit;

266 4321 303 4376 cf.
322 4321 340 4376 1.
359 4320 378 4375 l.
397 4339 463 4394 pag.
484 4321 543 4378 182.
1354 4349 1356 4354 .
