3176 5060
696 281 918 340 „71-

337 453 405 507 570:
428 444 501 521 βαρὺ
520 446 544 504 δ’
565 445 725 521 ἀμβόασον,
749 469 834 522 quem
857 467 970 506 versum
993 451 1185 522 Dindorfiua³)
1208 453 1367 522 penthemi-

241 556 352 596 merem
381 539 536 594 iambicam
561 541 692 594 anacrusi
720 540 880 610 praeditam
898 565 917 592 υ
933 543 937 607 Ι
952 558 1089 594 um!
1110 542 1228 598 censuit.
1275 542 1367 612 Magis

242 635 344 682 autem
363 629 410 683 hic
428 629 538 684 ionicus
557 629 709 699 rhythmus
728 629 824 699 placet
843 629 1065 698 (anaclomenus)
1082 655 1101 682 υ
1112 655 1131 684 υ
1143 656 1196 686 mo
1207 674 1225 684 ,
1237 673 1267 698 -,
1286 636 1319 684 ut
1337 631 1367 684 in

241 717 334 786 Vesp.
358 718 425 783 362,
444 717 494 771 ubi
518 733 615 772 versus
638 716 746 771 medios
770 717 846 771 inter
869 718 976 772 ionicos
1000 718 1137 772 occurrit:
1165 717 1259 789 τρίτον
1281 713 1368 772 αὐτόν

243 797 322 874 ἔχειν
339 795 443 873 άλφιτα
462 808 507 862 δεῖ
520 808 568 860 καὶ
586 801 654 872 ξύλα
671 795 782 886 κῶψον,
803 798 837 859 σά
851 803 882 859 δέ
902 810 973 859 σῦκα
991 800 1020 872 μ’
1034 803 1135 871 αἰτεῖς.·
1152 831 1172 859 υ
1182 833 1201 860 υ
1213 839 1247 858 ω
1260 832 1279 860 υ
1290 832 1309 859 υ
1319 852 1338 859 -
1350 852 1368 858 -

241 919 570 950 υυ-;υυ-..υυι.τι
590 894 699 962 und)

335 985 403 1040 6552
416 981 519 1054 βαλλὴν
531 978 644 1054 ἀρχαῖος
655 978 759 1053 βαλλὴν
771 989 824 1038 etc.
853 984 918 1037 Non
932 1001 968 1038 ex
981 983 1110 1038 iambicis
1122 984 1197 1038 hanc
1210 985 1366 1055 stropham,

242 1071 294 1125 sed
314 1089 351 1126 ex
369 1072 542 1142 logaocdicis
561 1077 692 1126 constare
711 1070 918 1126 demonstravit
936 1072 1162 1142 Rossbachiusfl)

335 1162 402 1217 tcta
421 1158 497 1232 πάσᾳ
510 1165 546 1233 γᾷ
558 1163 631 1233 τᾷδε.
661 1160 808 1230 Weilius⁴l
822 1167 851 1214 et
864 1160 1053 1216 Oberdiokius
1071 1163 1181 1217 iambos
1194 1169 1366 1231 statuerunt,

243 1266 310 1302 cum
334 1250 364 1303 in
387 1266 569 1304 numerorum
593 1255 748 1319 conspectu
771 1249 842 1303 haec
867 1250 1057 1320 appingerent
1080 1251 1174 1322 signa:
1193 1295 1210 1303 -
1223 1271 1299 1304 .ι,-ν
1312 1258 1366 1307 etc.

243 1337 329 1404 Quod
350 1338 464 1408 quidem
487 1339 517 1392 in
540 1338 604 1393 loco
623 1339 836 1409 corruptissimo
855 1338 946 1392 videri
970 1340 1090 1409 poterit,
1114 1340 1281 1408 rhythmum
1305 1340 1366 1395 des·

243 1427 366 1482 condere
384 1433 498 1498 oportet
517 1433 546 1482 et
565 1427 663 1481 multis
676 1427 791 1498 quidem
809 1427 943 1497 syncopis
962 1427 1133 1497 praeditum,
1154 1445 1220 1482 nam
1238 1429 1367 1484 simulat·

244 1533 301 1586 que
324 1515 390 1570 inde
410 1533 428 1570 a
446 1518 498 1571 666
522 1516 617 1587 legere
642 1517 799 1587 coepimus:
819 1505 842 1568 ιδ
862 1514 1037 1570 πολύκλαυτε
1056 1517 1160 1585 φίλοισι
1182 1515 1307 1570 θανών-
1319 1543 1337 1571 υ
1349 1544 1367 1570 υ

243 1649 261 1656 -
274 1631 293 1656 υ
305 1629 323 1656 υ
335 1649 353 1657 -
363 1630 382 1657 υ
393 1630 412 1656 o
423 1647 442 1657 -
460 1606 550 1676 magis
569 1604 750 1670 adducimur,
775 1610 808 1658 ut
826 1605 961 1674 rhythmo
980 1605 1166 1660 descendenti
1186 1624 1268 1661 aures
1286 1624 1366 1678 prae-

244 1693 371 1748 beamus.
407 1694 721 1762 Weckl.-Zomarides⁵)
741 1699 862 1747 metrum
882 1694 912 1748 in
931 1695 1019 1748 dubio
1038 1695 1213 1765 relinquunt,
1233 1712 1298 1749 oum
1317 1696 1366 1749 alii

243 1783 351 1837 frustra
370 1800 486 1853 operam
504 1789 650 1837 sumerent
668 1784 699 1836 in
717 1784 842 1837 numeris
861 1782 1038 1837 definiendis.

334 1872 401 1927 9822
421 1869 585 1942 διαπρέπον,
605 1863 667 1925 οἷον
685 1870 818 1942 δέδορκεν
837 1862 890 1925 άτα
907 1894 944 1922 ω
962 1873 1029 1927 988:
1049 1868 1225 1939 δυσπόλεμον
1238 1866 1272 1938 δὴ
1286 1871 1367 1940 γένος

242 1953 278 2013 τό
291 1959 412 2038 Περσᾶν.Ι
448 1959 502 2013 Ηία
522 1977 634 2030 quoque
649 1959 773 2014 editores
792 1965 821 2014 et
840 1961 952 2014 metrici
970 1959 1072 2014 iambis
1090 1961 1235 2014 faverunt:
1256 1960 1365 2032 διαπρέ-

243 2066 329 2102 πονυ
341 2061 448 2116 ουρ-
460 2055 528 2118 etc,
552 2049 598 2102 cui
616 2049 815 2120 responderet:
840 2045 1016 2116 δυσπόλεμον
1036 2039 1096 2115 ἢτοι
1116 2050 1166 2118 (sic
1185 2049 1365 2118 Schuetzius)

244 2143 295 2190 aut
315 2127 365 2204 ἤδη
385 2138 437 2207 (sic
456 2137 556 2192 Rossb.
576 2143 606 2191 et
624 2137 773 2208 westph).
811 2139 918 2192 Versus
937 2143 1034 2192 autem
1056 2137 1240 2209 logaoedicua
1259 2144 1310 2206 est,
1334 2145 1366 2192 ut

243 2244 269 2278 v.
290 2226 340 2279 281
362 2224 484 2280 vidimus
507 2232 537 2281 et
558 2227 658 2297 Suppl.
678 2228 731 2281 360
755 2226 927 2295 videbimus,
951 2245 1017 2280 narn
1041 2233 1073 2280 ut
1097 2227 1230 2297 exempla
1252 2227 1366 2296 docent,

243 2316 274 2368 in
293 2316 469 2386 compositis,
491 2333 564 2387 quae
584 2333 620 2370 ex
639 2318 691 2369 δυσ
708 2347 741 2355 -
761 2316 881 2386 aliisque
900 2315 994 2370 verbis
1014 2321 1158 2384 constant,
1181 2317 1230 2386 qui
1248 2316 1364 2385 dactylo

244 2404 399 2475 incipiunt,
423 2393 523 2474 δΰσυυ,
547 2422 681 2474 semper
704 2405 778 2458 ictus
802 2405 832 2457 in
853 2404 966 2474 syllaba
984 2405 1076 2474 prima
1094 2404 1254 2472 versatur.⁰)
1292 2405 1363 2458 Tum

245 2498 341 2547 autem
363 2491 519 2563 διαπρέπον
537 2492 717 2546 retinendum
737 2498 792 2556 est,
818 2509 882 2544 cunr
905 2497 963 2545 tres
987 2498 1100 2545 tantum
1123 2491 1251 2561 syllabae
1274 2493 1365 2562 perci·

245 2583 369 2650 piantur.
398 2614 432 2621 —
461 2583 559 2652 Longe
584 2599 600 2635 a
624 2581 872 2636 verisimilitudine
900 2581 1009 2634 Reiteri
1037 2582 1110 2634 ratio
1139 2581 1287 2648 abhorret,
1316 2582 1364 2651 qui

244 2670 351 2726 talibus
370 2672 497 2726 versibus
517 2672 728 2741 responsionem
748 2671 870 2740 aceepit:

533 2769 1036 2858 υλυυυιῖῌυυι-

529 2836 574 2894 διΙ
592 2837 728 2911 απρέπον,
748 2843 810 2894 οἱον
829 2829 996 2910 δέδορκεν
979 2857 1031 2892 ατα

488 2983 554 3036 m?
591 2937 774 3050 δυσπάλέμόν-
786 2956 820 3049 δὴ
837 2936 921 3052 γένος
945 2937 978 3036 vl>
997 2944 1115 3052 Πέρσᾶν·

334 3081 438 3135 Insana
451 3081 536 3134 etiam
550 3081 669 3135 Pickelii
681 3081 825 3135 sententia
843 3081 890 3134 hic
904 3080 1006 3148 elucet,
1026 3081 1075 3150 qui
1094 3079 1230 3133 iambicos
1249 3079 1363 3148 quidem

242 3171 359 3238 statuit,
382 3187 474 3240 neque
493 3187 561 3224 vero
581 3187 641 3238 eos,
666 3170 715 3239 qui
734 3187 811 3223 more
836 3169 921 3222 solito
941 3174 969 3221 et
989 3170 1095 3221 usitato
1118 3168 1233 3221 iambici
1252 3168 1364 3222 intelle-

688 3285 706 3310 υ
760 3282 967 3310 r-u-U-k)
1033 3289 1067 3307 ι.-
1157 3281 1246 3308 ..W
1281 3287 1363 3308 ι-ι...

243 3337 364 3401 guntur,
392 3330 440 3385 sed
465 3330 549 3383 tales:
579 3303 731 3399 ζάπρεπον,
760 3333 820 3382 οἱον
843 3327 975 3397 δέδορκεν
997 3319 1050 3380 άτα
1072 3350 1108 3378 ω
1131 3324 1307 3392 δυσπόλεμον
1331 3322 1359 3380 δι’

470 3434 505 3453 L.-

243 3471 326 3556 γένος
344 3467 376 3526 τὸ
395 3473 537 3544 Περσᾶν.)

335 3707 360 3774 1)
379 3705 414 3760 de
433 3711 515 3759 metr
535 3705 656 3758 scaenic.
675 3720 740 3775 pag.
760 3704 804 3768 41,
824 3721 866 3757 nr.
888 3704 982 3758 14.-
1003 3703 1029 3773 2)
1049 3703 1084 3755 cf.
1105 3701 1232 3770 Ohoeph.
1252 3702 1356 3754 312--

244 3786 272 3854 3)
292 3785 375 3839 Met.r
395 3802 459 3855 pag.
481 3785 593 3837 778.-
622 3785 650 3853 4)
670 3784 738 3837 edit.
760 3783 894 3877 1867.-
924 3783 982 3848 5),
988 3798 1069 3834 ενεκα
1087 3784 1139 3833 τοῦ
1157 3778 1363 3848 τεταραγμένοι

242 3863 373 3956 κειμένου
392 3867 439 3918 δεν
458 3859 581 3928 δύναται,
601 3882 635 3917 να
655 3856 762 3954 ὁρισθμ
773 3881 806 3917 το
819 3864 946 3932 μετρον
969 3862 1048 3929 -6)
1067 3860 1103 3914 cf.
1123 3860 1200 3912 Pers.
1216 3861 1280 3912 636.
1300 3877 1346 3911 αι
1350 3879 1364 3925 η

243 3933 369 4036 δυσθροα
391 3941 529 4015 βάμματα.
566 3943 617 3998 Ch.
638 3945 703 3996 457:
727 3931 976 3996 δυσκατάπαυστον
998 3930 1089 4009 άλγος
1129 3938 1205 4008 Sept
1225 3939 1290 3992 846:
1314 3932 1364 3992 τόν

243 4013 442 4079 δυσκέλαδόν6’
460 4024 514 4094 Ag.
539 4024 620 4077 1520:
645 4011 771 4090 δόσμαχα
794 4014 893 4114 δ’)έστι
915 4025 1014 4111 κρῖναι.
1052 4018 1235 4150 Βορρ1.622;
1261 4007 1363 4072 δυσπο-

242 4096 404 4172 λέμητον,“
379 4122 423 4200 ,⁰²¹
442 4097 526 4168 οὔτις.
564 4103 663 4174 Suppl.
684 4102 748 4156 835:
767 4103 814 4154 xci
832 4095 885 4170 γάρ
903 4089 1092 4165 δυσπαλάμως
1111 4101 1137 4152 ολ
1135 4117 1195 4152 ..οισ
1232 4097 1283 4153 Ch.
1297 4099 1362 4152 456:

243 4173 353 4238 drcrov’
372 4176 480 4254 ἄφερτα
501 4180 641 4250 κήδη.-
672 4183 698 4251 7)
718 4198 790 4251 quae
810 4187 965 4234 naseuntur
989 4197 1025 4234 ex
1049 4195 1137 4250 prata
1155 4178 1276 4232 Pickelii
1300 4195 1362 4232 sen·

243 4264 343 4329 tentia,
362 4264 397 4319 de
417 4279 473 4333 qua
492 4264 529 4317 cf
550 4279 614 4333 pag.
635 4263 677 4315 26.
