3176 5060
673 323 892 380 ..91-

312 495 448 550 Ordinem
466 512 595 551 severum
613 493 711 550 deesse
730 511 823 566 neque
841 511 893 566 per
909 495 965 548 vim
983 492 1177 548 inducendum
1197 509 1266 560 esse,
1285 493 1341 547 iam

223 602 289 656 pag,
303 585 335 638 12
354 586 522 640 monuimus.
558 585 688 639 Dimeter
707 584 846 639 iambicus
863 584 975 654 incipit,
993 588 1054 637 tum
1072 583 1253 638 choruscum
1271 581 1343 636 fletu

222 673 349 728 diiambo
367 673 534 744 respondet;
557 675 687 744 sequitur
705 674 835 742 dimeter,
857 679 918 727 tum
936 673 1065 727 trimeter
1084 673 1266 744 syncopatae,
1285 671 1343 725 duo

223 762 337 817 dimetri
355 764 514 834 syncopati,
532 763 736 834 pherecrateus
752 761 938 817 catalecticus
956 762 1073 832 (primus
1091 779 1142 832 pes
1160 761 1272 815 iambus
1289 777 1342 831 pro

222 853 382 922 trochaeo),
407 859 470 907 tum
492 854 633 924 repetitur
655 854 784 908 trimeter
807 857 993 924 syncopatae,
1016 852 1146 923 sequitur
1167 850 1343 922 pentapodia

222 947 392 1013 syncopata,
416 940 520 997 deinde
542 943 745 1013 pherecrateus
764 942 863 1008 catal,
887 959 972 1012 quem
995 941 1071 996 basis
1089 941 1243 996 diiamhica
1261 957 1342 1012 prae-

222 1031 311 1097 cedit;
330 1031 416 1086 finem
434 1033 524 1086 totius
541 1031 658 1087 fabulae
676 1031 853 1102 pentapodia
869 1032 1017 1086 trochaica
1035 1031 1204 1086 catalectico
1222 1031 1301 1086 facit.

319 1193 349 1262 b)
367 1194 511 1264 strophae,
530 1193 634 1264 quibus
652 1194 740 1249 iambi
759 1199 789 1248 et
807 1212 881 1248 unus
899 1193 1062 1248 trochaicus
1081 1200 1247 1248 occurrunt:

597 1283 770 1338 clauduntur
787 1282 963 1354 logaoedico.

312 1391 394 1462 Sept.
413 1392 466 1447 876
485 1392 675 1462 (antistropha
692 1398 745 1460 est,
765 1409 838 1463 quae
857 1391 1027 1462 corruptelis
1045 1408 1104 1446 non
1122 1390 1256 1463 laborat).

595 1477 682 1548 διήκει
700 1479 796 1536 δὲκαὶ
813 1478 896 1536 πόλιν
914 1477 1014 1545 στόνος
1033 1483 1339 1534 υι.-υ-υ-υν1

595 1569 721 1625 στένουσι
738 1567 850 1641 πύργοι,
870 1567 958 1624 στένει
1034 1596 1053 1621 υ
1063 1615 1082 1623 -
1093 1596 1112 1622 υ
1123 1602 1159 1621 ι-
1169 1616 1189 1624 -
1200 1596 1219 1621 υ
1229 1615 1248 1623 -

594 1656 680 1714 πέδον
698 1660 857 1732 φίλανδρον.
876 1665 957 1726 μενεῖ
1034 1685 1052 1711 o
1063 1706 1082 1713 -
1092 1685 1111 1712 o
1123 1693 1158 1714 ι,
1170 1706 1189 1714 -
1200 1687 1219 1711 υ

594 1746 697 1803 κτέανα
714 1743 738 1802 τ’
757 1744 906 1818 ἐπιγόνοις,

595 1831 630 1891 δι’
649 1827 691 1891 ὧν
710 1835 870 1909 αἰνομόροις

595 1922 629 1980 δι’
649 1916 690 1980 ὧν
707 1935 799 1993 νεῖκος
816 1921 875 1998 ἔβα,

593 2018 640 2070 καὶ
658 2012 784 2071 θανάτου
801 2016 888 2081 τέλος,

311 2105 482 2160 Trimetrum
510 2106 664 2162 iambicum
689 2112 878 2178 syncopatum
906 2112 935 2161 et
962 2105 1034 2160 duos
1061 2106 1197 2163 dimetros
1225 2124 1340 2178 syncop.

220 2195 346 2266 tripodis
364 2196 511 2251 trochaica
533 2197 618 2250 catal.
642 2198 763 2268 excipit,
788 2213 873 2268 quam
897 2196 953 2251 duo
977 2197 1157 2267 pherecratei
1180 2197 1341 2252 catalectici

220 2291 387 2356 sequuntur,
406 2303 526 2357 quorum
544 2288 636 2357 primo
648 2286 721 2357 pede
741 2285 852 2340 iambus
871 2286 999 2340 trochaei
1012 2287 1074 2342 vice
1093 2287 1236 2358 fungitur;
1255 2287 1341 2342 finem

222 2373 292 2430 facit
319 2376 477 2446 pherecrat.
502 2377 610 2447 primus
633 2375 827 2430 catalecticus.
868 2377 926 2430 Hic
949 2393 1076 2447 quoque,
1104 2383 1138 2430 ut
1165 2377 1249 2446 alias,
1276 2385 1341 2448 post

224 2464 331 2520 iambos
354 2466 404 2535 qui
426 2481 529 2536 perse
553 2466 646 2518 nunus
665 2464 813 2518 sollicitati
836 2471 916 2534 sunt,
941 2465 1069 2534 rhythmi
1091 2467 1182 2536 magis
1204 2467 1340 2520 concitati

226 2561 387 2625 assurgmt,
411 2555 460 2625 qui
482 2554 574 2608 indoli
592 2555 744 2609 verborum
762 2554 836 2610 bene
855 2556 1038 2609 conveniunt.
1058 2587 1092 2594 -
1115 2554 1230 2626 Optime
1254 2556 1340 2610 etiam

224 2642 293 2698 fllud
308 2639 342 2698 δι’
356 2645 395 2698 ὡν
412 2644 548 2699 iteratum
567 2651 619 2714 est,
637 2651 671 2699 ut
689 2646 719 2698 in
737 2644 857 2715 stropha
869 2642 935 2711 αἰαῖ,
954 2644 989 2699 de
1009 2661 1066 2716 qua
1084 2645 1256 2716 repetitione
1275 2663 1341 2701 cou-

222 2733 297 2788 feras
308 2732 451 2790 Jacobum
472 2733 523 2798 ,de
542 2735 653 2805 aequal.
673 2734 781 2806 stroph.
801 2740 831 2789 et
849 2735 960 2789 antistr.
979 2735 1010 2789 in
1028 2740 1101 2806 trag.
1117 2735 1218 2791 Graec.
1237 2737 1342 2793 cantic.

223 2824 375 2879 conform.“
396 2840 460 2895 pag.
480 2825 514 2877 49
534 2829 563 2878 et
581 2824 789 2879 Rossbachium
815 2823 865 2889 ,de
884 2823 1003 2879 Eumen.
1023 2824 1206 2880 antichoriis“
1229 2843 1295 2897 pag.
1315 2827 1340 2879 4.

288 2988 313 3057 c)
332 2986 429 3056 iambi,
446 2987 615 3058 logaoedici,
633 2987 784 3041 trochaici:
804 2986 977 3041 clauduntur
996 3003 1047 3056 per
1065 2986 1273 3058 logaoedicum.

311 3095 417 3167 Suppl.
436 3098 504 3151 104:

257 3189 373 3239 τοιαῦτα
390 3183 484 3240 πάθεα
502 3182 587 3252 μέλεα
603 3183 744 3255 θρεομένα
763 3178 855 3253 δ’έγιό
872 3187 1338 3238 ῡ-υσυυουυδυυ,σ-1

257 3273 335 3344 λιγέα
352 3273 440 3346 βαρέα
458 3277 632 3345 δακρυοπετῆ

258 3357 286 3431 ἰὴ
303 3361 330 3432 ἰὴ

258 3451 409 3522 ἰηλέμοισιν
427 3450 554 3525 έμπρεπῖ

258 3545 333 3610 ζῶσα
350 3539 429 3611 γόοις
446 3561 482 3611 με
499 3546 579 3610 τιμῶ.

258 3629 365 3700 ίλέομαι
383 3631 436 3700 μέν
452 3626 544 3686 Ἀπίαν
561 3635 668 3703 βοῦνιν,

257 3725 382 3793 καρβᾶνα
400 3718 425 3776 δ’
443 3717 531 3776 αὐδάν

258 3799 297 3877 εὖ,
317 3813 362 3880 γᾶ,
378 3819 494 3874 κοννεῖς.

257 3896 375 3955 πολλάκι
393 3896 418 3954 δ’
436 3897 559 3967 ἐμπίτνω
578 3895 627 3968 ξὺν
646 3901 736 3955 λακίδι

256 3990 371 4044 λίνοισιν
390 3980 406 4056 ἢ
426 3990 542 4061 Σιδονία
558 3985 704 4062 καλύπτρᾳ

310 4079 454 4148 Delectat,
473 4080 578 4133 formas
596 4080 736 4150 persequi,
761 4078 864 4149 quibus
882 4079 1033 4149 rhythmus
1051 4079 1193 4135 induitur:
1217 4081 1339 4151 primum

221 4169 360 4224 habemus
379 4168 516 4223 iambicos
534 4168 654 4235 solutos,
674 4185 794 4239 quorum
813 4169 876 4223 cola
895 4169 1112 4236 deminuuntur,
1136 4169 1252 4240 dipodia
1271 4169 1340 4223 iam·

221 4258 287 4314 bica
309 4264 406 4314 autem
430 4258 488 4311 iam
511 4260 591 4328 quasi
619 4258 799 4329 praeludium
822 4257 859 4311 ad
883 4265 1049 4329 sequentem
1077 4258 1229 4313 dimetrum
1258 4275 1340 4313 aures

222 4355 382 4420 praeparat.
419 4347 493 4401 Tum
510 4348 693 4418 logaoedieus
712 4348 790 4401 color
812 4353 944 4418 apparet,
968 4349 1017 4418 qui
1040 4347 1225 4418 pherecrateo
1248 4348 1339 4417 primo
