3176 5060
655 285 878 343 *51-

206 454 327 510 dimetro
349 455 474 526 palmam
493 453 581 510 dedit.
617 455 737 510 Rectam
761 471 921 510 mensuram
941 472 958 508 a
976 455 1194 525 Weckleini02),
1218 457 1329 512 Keclrio

206 542 409 612 Rossbachiob
427 542 588 598 adhibitam
607 543 699 598 video.

607 681 632 747 c)
651 676 784 747 dactylus
803 682 832 732 et
850 672 925 744 τονὴ.

296 771 349 829 ch.
368 773 417 829 δίε
443 766 557 842 διαλγὴς
574 762 625 842 ἄτη
644 771 786 844 διαφέρεκ
802 786 1103 828 κισ-ι-..υοιμΙ
1140 775 1182 830 Ac
1205 776 1328 847 primum

205 860 378 916 monendum
397 867 453 930 est,
477 879 589 916 versum
609 861 848 936 antistrophicum
871 862 1027 918 secundum
1047 863 1224 936 strophicum
1242 867 1328 920 corri-

205 948 331 1027 gendum
349 967 422 1017 esse,
446 967 511 1005 cum
529 951 560 1005 in
579 951 633 1006 hac
652 950 771 1022 stropha
789 951 843 1005 soli
865 951 954 1006 iambi
976 958 1188 1024 exspectentur.
1223 953 1328 1009 Penta-

159 1030 163 1036 ’
205 1037 319 1110 podiam
343 1045 440 1094 autem
463 1039 555 1110 pluris
578 1039 679 1106 habui.
708 1056 793 1110 quarn
818 1038 984 1107 dimetrum,
1012 1058 1078 1095 nam
1106 1042 1146 1096 sic
1174 1041 1328 1113 legendum

205 1127 330 1181 videtur:
360 1118 596 1197 διαλ-νής-ἆτη
619 1134 686 1195 etc.;
711 1127 830 1183 verbum
852 1124 965 1198 διαίίῆς
988 1129 1063 1183 enim
1086 1135 1238 1201 propterea
1261 1136 1330 1200 τονῇ

204 1215 367 1286 praeditum
380 1219 431 1283 est,
452 1234 508 1288 quo
521 1217 611 1288 magis
624 1217 703 1272 notio
726 1217 855 1288 „penitus
872 1215 1015 1272 intrandi“
1037 1219 1180 1288 efferatur,
1199 1225 1232 1273 ut
1244 1213 1329 1291 ἄλγος

204 1305 251 1361 vel
268 1306 327 1361 tale
347 1306 503 1377 quidquam
520 1307 666 1362 interdum
684 1310 752 1375 τονῇ
770 1306 966 1377 extenditur')
1003 1307 1098 1373 Quare
1118 1307 1181 1364 aliis
1199 1309 1328 1365 versibus

203 1393 314 1450 aditum
345 1395 578 1468 praecluserim.⁴)
625 1397 745 1452 Rectam
776 1397 851 1450 viam
882 1397 1002 1467 ingressi
1037 1403 1104 1452 sunt
1135 1389 1327 1468 Hermannus,

203 1475 425 1555 Bambergerus‚
445 1483 578 1553 Weilius‚
602 1483 632 1539 id
652 1484 729 1555 quod
753 1484 839 1539 etiam
858 1502 894 1539 ex
913 1503 998 1540 versu
1015 1485 1207 1556 respondente
1225 1488 1262 1556 (v.
1282 1489 1327 1556 88)

203 1573 326 1644 perspici
344 1578 452 1644 potest,
476 1572 526 1627 ubi
544 1574 753 1645 Bambergerus
774 1591 811 1628 ex
829 1575 936 1629 tradito
954 1575 1100 1645 βαίνοντες
1116 1569 1167 1630 τὸν
1184 1581 1326 1648 χερομυσί

204 1663 319 1733 egregie
342 1663 480 1717 restituit:
509 1663 721 1734 προβαίνοντες,
745 1663 820 1734 quod
845 1663 882 1717 ad
905 1659 938 1718 ἐκ
964 1668 1030 1732 μιᾶς
1052 1658 1121 1720 ὁδοῦ
1148 1666 1326 1737 aptissimum

203 1751 268 1806 suit.
308 1749 383 1805 Nam
407 1757 484 1806 certe
507 1763 575 1807 ante
598 1751 742 1822 βαίνοντες
765 1769 823 1806 una
846 1753 959 1822 syllaba
983 1760 1115 1825 correpta
1138 1754 1325 1823 desideratur,

203 1854 262 1895 non
285 1840 408 1908 iambus,
431 1845 465 1894 ut
483 1840 516 1895 Ο.
536 1840 672 1909 Henaio⁵J
696 1841 813 1912 placuit.
851 1841 959 1897 Contra
976 1841 1136 1912 Reiterus⁶l
1159 1849 1243 1913 putat
1264 1861 1325 1898 ver·

845 1947 907 1984 sum
926 1928 1038 2001 διαλγὴς
1056 1921 1123 2000 daal
1134 1956 1325 1985 μμμμμ

409 2015 412 2020 ’
484 2017 551 2072 huic
570 2018 741 2089 respondere
760 2035 854 2089 posse:
874 2041 910 2071 ω
926 2019 1071 2090 βαίνοντες
1088 2013 1248 2091 adul...-
1261 2053 1325 2074 a.-

203 2071 355 2161 dimetrum
375 2107 529 2162 iambicum
544 2125 659 2178 syncop.
679 2108 768 2179 igitur
787 2107 908 2163 dimetro
921 2107 1158 2179 trochaicosync.
1195 2110 1325 2166 Praeter·

203 2212 302 2267 quam,
326 2196 403 2266 quod
424 2196 512 2251 iambi
531 2197 674 2252 trochaeis
692 2214 832 2268 nusquam
851 2197 1033 2269 respondent,
1052 2195 1106 2254 hoc
1126 2200 1213 2254 etiam
1232 2217 1326 2272 repre·

203 2285 340 2340 hensione
358 2284 477 2356 dignum
496 2291 548 2354 est,
568 2286 644 2356 quod
663 2287 747 2340 nimia
766 2287 862 2341 tenaci
880 2287 991 2342 ratione
1010 2287 1111 2342 critica
1122 2295 1251 2344 versatus
1270 2289 1326 2345 hoo

202 2380 360 2429 mensuum
378 2375 491 2446 genuit:
512 2400 545 2436 g,
561 2400 594 2435 L
608 2399 641 2435 L
655 2395 682 2442 ι,
701 2374 778 2446 quod
791 2376 882 2446 magis
895 2375 1053 2430 orationem
1067 2376 1229 2446 pedestrem
1241 2379 1325 2448 sapit,

203 2479 288 2534 qnam
307 2480 421 2519 carmen
440 2465 582 2519 melicum.

599 2627 660 2692 vl.
707 2625 928 2709 Hexapodia.

630 2760 663 2811 A.
686 2756 791 2811 iambi
810 2758 896 2828 puri.

291 2867 355 2922 Hoc
374 2865 615 2938 praemittendum
635 2865 697 2932 erit,
717 2864 876 2919 cavendum
894 2881 968 2932 ease,
992 2881 1028 2918 ne
1047 2865 1131 2920 nimis
1149 2863 1324 2936 hexapodia-

201 2973 265 3010 rum
277 2957 437 3010 afferamus.
467 2954 542 3009 Nam
555 2954 684 3008 existunt
703 2954 732 3006 in
751 2953 881 3024 partibus
894 2953 1003 3007 melicis
1015 2953 1146 3022 trimetri,
1166 2954 1216 3024 qui
1234 2956 1325 3026 magis

201 3045 348 3116 ingenium
372 3062 469 3100 eorum
492 3041 680 3097 iambicorum
703 3058 772 3112 prae
791 3059 820 3096 se
839 3041 948 3106 serunt,
974 3042 1075 3111 quiin
1094 3041 1242 3110 diverbiis‚
1266 3061 1324 3100 non

200 3135 231 3188 in
250 3133 359 3188 melicis
377 3131 508 3203 partibus
526 3130 641 3185 obviam
659 3129 742 3198 fiunt,
761 3135 793 3185 nt
812 3130 849 3183 in
860 3130 1085 3200 Agamemnone,
1104 3129 1154 3184 ubi
1173 3131 1276 3186 chorus
1295 3139 1325 3187 et

200 3221 360 3277 cassandra
379 3221 592 3291 colloquuntur,
610 3219 656 3274 vel
675 3219 705 3272 in
724 3217 909 3288 supplicibus
927 3217 995 3272 inde
1014 3233 1032 3270 a
1044 3234 1069 3271 v.
1085 3219 1144 3271 700.
1182 3218 1278 3284 Quare
1297 3221 1324 3275 ei

200 3311 324 3366 trimetri
341 3311 437 3382 potius
456 3308 582 3380 eligendi
601 3314 676 3374 sunt,
697 3324 768 3378 quos
786 3307 823 3360 ad
842 3323 936 3361 meum
955 3306 1083 3360 officium
1102 3308 1224 3362 attinere
1243 3315 1323 3380 puto.

289 3401 376 3456 Pers.
395 3402 480 3456 1⁰⁰⁰:
499 3399 587 3452 δίαινε
599 3398 686 3452 δίαινε
703 3401 789 3464 πῆμα·
809 3391 880 3468 πρὸς
892 3391 996 3463 δόμους
1008 3388 1033 3449 δ’
1047 3389 1096 3452 llic.
1132 3395 1199 3450 Non
1217 3398 1322 3468 placet,

201 3491 278 3562 qumi
291 3491 474 3546 Hermannur
492 3489 593 3542 suasit:
614 3488 747 3541 δίαινε-
767 3489 875 3557 (pausa)
894 3486 982 3539 δίαινε
995 3491 1049 3540 etc.
1065 3487 1110 3556 (ω
1123 3486 1209 3543 tolle
1228 3479 1324 3559 ἔρεσσε

202 3611 236 3620 -
248 3571 352 3650 ἔρεσσε)
366 3595 430 3633 cnm
443 3595 494 3649 per
512 3577 740 3648 synecphonesin
759 3591 832 3646 quae
845 3581 965 3630 vocatur
977 3592 1090 3630 versum
1108 3575 1203 3646 legere
1223 3577 1322 3632 liceat:

200 3671 288 3724 δίαινε
300 3693 336 3714 --
348 3667 454 3740 djaine‚
474 3673 507 3723 ut
524 3665 602 3738 apud
614 3665 849 3734 Rombachiumu
869 3665 1028 3734 invenies.⁸)
1065 3665 1131 3720 Jam
1143 3665 1323 3721 Hermannus

292 3812 367 3879 1)1n
386 3810 561 3865 Orestia—
580 3811 607 3879 2)
626 3809 710 3864 Metr.
730 3825 795 3880 pag.
808 3808 968 3876 268—3)
990 3808 1025 3861 ci.
1040 3806 1119 3861 Pers.
1131 3807 1196 3862 581:
1215 3803 1249 3862 τὸ
1267 3813 1323 3862 πᾶν

202 3887 238 3960 δὴ
255 3887 387 3946 κλύουσιν
406 3880 571 3959 αί-γος.
600 3890 627 3958 4)
646 3888 856 3943 Heimsoethius
875 3887 1030 3955 (Wiederh.
1049 3903 1114 3957 pag.
1134 3888 1190 3957 35):
1210 3885 1324 3958 διαρκὴς

199 3965 253 4028 ἄτα
272 3969 396 4066 διαφέρει
413 3964 464 4025 τὸν
482 3965 579 4024 αἴτιον.
616 3968 791 4024 Schmidtiue
810 3967 972 4037 (ΚυιιείίἾΙ
991 3983 1057 4037 pag
1069 3966 1132 4036 208)
1151 3959 1223 4021 δι’
1205 3985 1274 4031 ατας
1291 3966 1323 4021 δὲ

200 4045 367 4123 διαφέρει
337 4069 388 4106 τον
400 4045 489 4104 αίτιον
501 4047 677 4121 παναρκέτας
694 4044 781 4102 νόσου
794 4042 918 4119 βρύειν(
909 4046 1165 4116 ίυυοίευοτεί)-
1184 4047 1244 4116 dl„
1246 4046 1320 4100 Krit

200 4131 328 4188 Baetes
348 4148 413 4204 pag.
427 4131 470 4186 28.
491 4161 524 4170 -
544 4132 570 4200 6)
588 4130 606 4184 l.
626 4130 644 4183 l.
664 4145 729 4200 pag.
745 4130 857 4183 158-
878 4129 904 4197 7)
923 4127 1007 4181 Metr.
1027 4141 1091 4197 pag.
1106 4126 1219 4180 283.-
1231 4089 1267 4196 ηδ)
1285 4128 1321 4182 cf.

200 4213 373 4268 Brilclreium
401 4210 590 4281 ,Grundaiige
614 4210 641 4264 d.
665 4207 848 4278 Physiologie
872 4224 899 4260 u.
923 4206 1098 4276 Systematilr
1126 4205 1177 4260 der
1200 4206 1322 4276 Spracb-

199 4295 294 4348 laute*
316 4310 380 4364 pag.
401 4293 443 4347 70.
1124 4375 1160 4426 4*
