3176 5060
647 307 868 364 ...45-

196 476 272 530 hanc
296 493 356 530 rem
378 477 607 545 commendatur,
631 475 707 547 quod
730 477 868 531 transitus
887 493 905 530 a
923 476 1052 532 versibus
1075 477 1204 532 iambicis
1224 477 1260 531 ad
1277 478 1319 531 lo·

195 565 348 636 gaoedicos
366 565 440 621 bene
458 582 510 636 per
528 566 678 621 trochaeos
697 566 790 620 sactus
809 572 864 620 est:

444 654 1028 726 „oc1o-ioociooolo!(iamb.).

479 743 765 816 ύυυ)-υ)-υ)-)
789 744 921 815 (troch.)

552 938 749 976 -υυ-υ-ῦ

286 1011 422 1066 Similiter
440 1027 485 1066 res
503 1028 533 1066 se
552 1010 642 1065 habet
659 1011 759 1081 Suppi.
781 1012 831 1064 127
852 1028 912 1081 sqq.

392 1095 560 1170 παντάρχας,
578 1095 741 1172 παντόπτας
752 1116 771 1152 ῡ
783 1132 818 1151 μ
831 1145 849 1154 -
861 1115 879 1152 c
891 1131 926 1151 a„
940 1145 957 1154 -
978 1100 1100 1170 (iamb.)

427 1196 590 1260 πρευμενεῖς
607 1189 727 1243 κτίσειεν
739 1233 756 1244 .
768 1215 787 1242 υ
798 1235 816 1243 -
827 1214 846 1241 υ
859 1235 875 1242 -
888 1213 907 1241 υ
926 1190 1058 1259 (trech.)

338 1278 449 1348 σπέρμα
467 1281 569 1345 σεμνᾶς
586 1275 659 1346 μέγα
677 1273 783 1349 ματρός
795 1323 813 1331 -
824 1302 843 1330 υ
854 1309 889 1329 a.
902 1323 920 1331 -
932 1303 950 1329 υ
961 1303 980 1330 υ
992 1323 1009 1332 -
1021 1302 1040 1330 o
1060 1279 1239 1349 (logaoed.)

194 1375 225 1423 et
244 1368 338 1423 Prom.
357 1369 409 1424 903
428 1384 492 1438 sqq:
512 1359 569 1434 ἔχω
587 1367 629 1430 τίς
646 1359 681 1420 ἂν
699 1367 832 1435 γενοίμαν
843 1392 1058 1421 υυυυυυυ
1078 1367 1200 1438 (iamb.)
1292 1391 1295 1396 ·

408 1450 461 1510 τάν
478 1450 544 1519 Διὸς
561 1449 615 1526 γὰρ
634 1451 688 1524 οὐχ
707 1449 766 1526 ὁρῶ
784 1481 981 1511 -υ-υ-ο-
1001 1456 1133 1527 (trech.)

373 1550 464 1614 μῆτιν,
484 1532 540 1617 ὅπᾳ
557 1538 673 1614 φύγοιμ’
692 1534 734 1598 ἄν.
754 1591 772 1599 -
784 1571 802 1597 υ
813 1571 832 1598 υ
844 1591 861 1600 -
873 1571 892 1598 υ
903 1590 921 1599 -
933 1571 952 1598 υ
972 1546 1152 1615 (logaoed.)

192 1659 231 1688 ω
245 1637 311 1692 7432
331 1625 435 1703 ὄμμασι
447 1629 557 1689 λιποῦσ)
571 1625 633 1689 ὅσια
645 1630 834 1704 προσεβάλετο
840 1656 851 1699 ;
869 1636 909 1690 sic
923 1636 1044 1690 Weilius
1056 1654 1108 1707 pro
1121 1635 1246 1708 προσέβα
1258 1642 1319 1694 τοῦ.

569 1794 600 1850 C.
619 1794 725 1850 iambi
743 1797 937 1867 syncopati.

501 1903 529 1972 o)
550 1903 662 1957 cenando
678 1903 753 1974 pede.
771 1929 790 1956 υ
802 1936 837 1956 ι-
849 1949 867 1958 -
878 1929 897 1956 υ
909 1949 926 1958 -
937 1929 957 1956 υ
968 1949 986 1958 -
998 1921 1017 1956 a

286 2010 337 2068 ch.
359 2012 410 2067 41:
435 2005 483 2074 lai,
506 2015 583 2078 γαῖα,
606 2017 675 2076 μαῖα
697 2006 821 2077 μωμένα.
863 2011 1087 2080 Hermaunus¹),
1112 2011 1318 2081 Kirchhoffius‚

194 2100 362 2154 Dindorfiue
385 2098 422 2153 ab
448 2095 480 2151 ἰώ
500 2115 589 2168 usque
613 2099 649 2152 ad
674 2094 759 2152 ἰάλλει
782 2116 840 2154 uno
863 2105 962 2153 tencre
985 2098 1087 2170 legunt
1110 2117 1144 2154 ac
1167 2109 1319 2172 sequentes

192 2207 293 2244 versus
311 2188 471 2242 trochaicus
489 2187 606 2241 ducunt.
644 2186 751 2241 Contra
770 2187 965 2242 Weckleinius
984 2188 1069 2242 aliam
1089 2190 1257 2262 rationemff)
1277 2211 1317 2247 se·

193 2284 279 2332 cutus
298 2284 349 2345 est,
369 2277 417 2347 qui
436 2277 467 2330 iu
486 2275 599 2330 Orestia
617 2269 650 2329 ti
670 2283 744 2344 γαῖα,
767 2282 836 2344 μαῖα
854 2293 871 2330 a
890 2277 992 2331 ceteris
1010 2278 1148 2345 seiunxit,
1172 2286 1201 2333 et
1220 2280 1319 2336 brevia

193 2367 260 2422 cola
278 2366 424 2422 trochaica
446 2366 557 2419 statuit.
594 2365 663 2419 Trea
686 2364 875 2436 pentapodias
898 2367 994 2437 potius
1012 2367 1173 2436 aptissimas
1192 2368 1318 2425 credide-

193 2457 259 2524 rim,
277 2461 309 2509 ut
323 2455 452 2523 Weilius,
466 2453 697 2522 Rossbachius³)‚
710 2453 940 2522 Weckleinius⁴),
959 2455 1161 2525 Schmidtiusu
1180 2458 1319 2527 fecerunt,

193 2545 363 2617 praesertim
382 2561 447 2598 cum
465 2543 518 2598 tali
542 2542 732 2612 descriptione
758 2544 925 2613 compositio
945 2543 1158 2614 elegantissima
1177 2553 1319 2616 nascatur,

193 2634 232 2688 de
257 2650 313 2704 qua
336 2632 501 2701 Christius⁰)
526 2631 770 2699 commemoravit,
800 2648 866 2685 nam
894 2649 952 2687 non
980 2649 1031 2702 per
1058 2649 1155 2688 casum
1183 2636 1319 2691 accidisse

194 2723 322 2789 videtur,
345 2728 378 2776 ut
397 2722 519 2792 primum
537 2721 679 2788 trimeter,
702 2719 806 2774 deinde
830 2720 1005 2791 pentapodia
1025 2722 1048 2774 2.
1069 2724 1142 2793 pede
1161 2741 1238 2793 sync.
1258 2731 1319 2780 turn

194 2811 372 2884 pentapodia
390 2813 414 2865 2.
434 2816 463 2865 et
482 2810 507 2864 3.
527 2809 600 2882 pede
620 2826 708 2879 syna,
727 2816 788 2864 tum
807 2810 911 2864 iterum
930 2818 1045 2881 pentap.
1067 2814 1091 2865 2.
1110 2813 1183 2883 pede
1203 2831 1319 2886 syncop,

194 2907 338 2972 postremo
357 2902 486 2955 trimeter
505 2904 671 2970 appareant,
690 2899 740 2967 ita,
760 2905 792 2954 ut
811 2899 880 2954 ordo
899 2899 1090 2954 lucidissimus
1110 2902 1264 2956 exstiterit:

195 2991 325 3045 trimeter
557 3004 620 3040 -a
675 2988 915 3058 Heimsoethius⁷)
935 2995 1032 3043 autem
1050 2990 1079 3044 in
1099 3007 1203 3061 magno
1222 3008 1317 3047 errore

196 3085 275 3151 pent.
294 3080 319 3134 2.
339 3079 412 3151 pede
430 3078 546 3149 syncb
576 3109 587 3119 -
677 3078 784 3131 versari
810 3077 937 3146 videtur,
967 3079 1016 3148 qui
1044 3084 1102 3133 tres
1130 3080 1319 3151 pentapodias

195 3175 275 3240 pent.
294 3170 319 3224 2.
332 3170 357 3224 3.
371 3168 444 3239 pede
457 3184 533 3238 rync.
548 3184 587 3221 c·
676 3183 734 3220 non
756 3183 816 3220 esse
836 3166 1013 3236 rhythmicas
1032 3174 1141 3233 censet;
1166 3168 1220 3222 hoc
1244 3170 1319 3223 enim

196 3264 274 3329 pent.
294 3259 319 3312 2.
339 3258 411 3327 pede
430 3257 546 3327 syncb
576 3287 586 3297 ·
676 3255 866 3326 reputandum
881 3261 994 3308 estnon
1013 3255 1099 3324 plane
1113 3273 1160 3310 eas
1180 3274 1320 3328 exaequa-

196 3348 326 3402 trimeter
594 3365 611 3401 a
675 3351 720 3398 tas
750 3361 823 3412 esse,
854 3343 904 3398 sed
932 3344 1091 3398 variatione
1122 3349 1204 3412 τονῆς
1234 3346 1319 3399 aliam

197 3435 277 3490 aliud
295 3437 441 3507 ingenium
460 3453 528 3507 prae
547 3453 576 3490 se
595 3437 678 3491 ferre.
698 3456 733 3486 ω
751 3435 802 3489 51ε
821 3425 856 3485 δι’
876 3425 1080 3503 ὥτωνφρενός
1098 3450 1129 3486 τε
1147 3433 1255 3500 δαμίας.

288 3524 339 3580 ch.
360 3525 459 3594 iili&
483 3527 626 3594 φοβοῦμαι
650 3516 674 3577 δ’
697 3515 765 3586 ἔπος
787 3515 846 3574 τόδ’
869 3517 996 3590 ἐκβαλεῖν
1013 3542 1049 3571 ω
1067 3523 1168 3584 tata:
1192 3525 1320 3592 φοβεῖται

198 3611 230 3667 δέ
248 3632 296 3677 τις.
315 3607 348 3668 τὸ
361 3609 386 3667 δ’
399 3607 531 3682 εὐτυχεῖν.
569 3613 634 3669 Hoc
654 3629 767 3683 quoque
786 3628 838 3682 pro
857 3610 1032 3681 pentapodia
1045 3609 1133 3664 verba
1146 3611 1223 3676 facit,
1244 3612 1320 3681 quod

198 3699 266 3770 τονὴ
285 3701 385 3757 ecdem
404 3702 491 3756 verbo
510 3701 666 3772 eodemque
685 3701 750 3755 loco
769 3701 798 3754 in
818 3699 936 3770 stropha
955 3705 984 3754 et
1003 3699 1183 3770 antistropha
1202 3699 1320 3769 legitur:

290 3855 315 3921 1)
334 3854 383 3923 qui
402 3854 431 3907 in
451 3852 599 3907 elementis
618 3870 682 3924 pag.
703 3852 755 3906 258
768 3868 881 3905 versum
900 3851 940 3904 sic
958 3849 1089 3903 metitur·
1109 3846 1142 3901 ἰώ
1161 3856 1235 3918 γαῖα,
1252 3849 1318 3915 μαῖ1

198 3953 217 3986 α
229 3931 344 4000 μωμένα
356 3952 376 4000 μ
377 3928 492 3986 ’ἰάλλεα

216 4030 269 4059 υ-
504 4037 538 4044 -
552 4005 580 4073 2)
594 4020 679 4073 quam
692 4002 841 4072 amplexus
855 4007 898 4055 est
908 3999 1077 4054 Conradtius
1091 3999 1198 4069 (Jahrb.
1213 4000 1231 4053 f.
1245 3999 1320 4054 Phil.

199 4103 227 4138 u.
247 4084 331 4138 Paed.
353 4084 429 4149 1895,
453 4100 517 4154 pag.
538 4084 670 4150 301).—
700 4083 726 4151 3)
744 4082 828 4136 Metr.
854 4097 918 4151 pag.
938 4081 990 4133 272
1014 4081 1074 4133 et
1067 4098 1097 4133 rn
1122 4079 1173 4148 „de
1193 4079 1320 4150 Ohoeph.

199 4164 269 4218 locis
297 4163 424 4218 nonnuli.
452 4164 620 4217 comment.u
641 4179 705 4233 pag.
728 4162 769 4215 10.
797 4190 832 4197 -
859 4161 885 4223 4)
907 4159 955 4228 „St
944 4159 1044 4213 tudien
1067 4158 1234 4215 z.Aesch.
1255 4175 1320 4229 pag.

201 4244 261 4298 149.
281 4274 314 4282 —
334 4246 360 4312 5)
379 4242 495 4296 Kunstf.
515 4243 538 4309 Ι,
557 4259 621 4312 pag.
640 4242 701 4296 208.
723 4272 755 4280 —
775 4243 802 4308 6)
820 4239 903 4293 Metr.
923 4255 987 4309 pag.
1002 4239 1064 4293 613.
1084 4269 1117 4278 -
1137 4240 1163 4308 7)
1177 4238 1320 4293 Wiederh.

199 4341 264 4394 pag.
284 4324 344 4378 339.
